Post Id,Scrape Date,Item nr,Main category,Subcategory,Post title,Post date,Vendor,New Post,Positive feedback,Level seller,Level trust,Sales vendor,Verified vendor,Trusted vendor,Views,Sales,Quantity left,Autodispatch, Price USD, Price BTC 
1,Aug 05 2019,#17259,Fraud,Accounts & Bank Drops,10 US Verified Paypal Accounts,Jul 28 2019,Dr.Whit3,2,100.0%,0,0,13,2,2,201, 0 ,Unlimited,no,10.09 USD,0.00085600 BTC 
2,Aug 05 2019,#16836,Fraud,Accounts & Bank Drops,HQ WELLS FARGO BANK DROP,Jul 26 2019,Newron,2,100.0%,0,0,0,2,2,261, 0 ,Unlimited,no,120.00 USD,0.01018407 BTC 
3,Aug 05 2019,#14234,Fraud,Other,Guide: Skimming Successfully And Protecting Yourself [High Quality],Jun 28 2019,wfowfo,2,100.0%,0,0,1,1,2,829, 0 ,Unlimited,no,11.76 USD,0.00099804 BTC 
4,Aug 05 2019,#14029,Fraud,Other,Cashout Websites | Custom-made | 100% Success Rate,Jun 25 2019,dp2015,2,100.0%,0,0,0,1,1,955, 0 ,Unlimited,no,175.00 USD,0.01485177 BTC 
5,Aug 05 2019,#7344,Fraud,Accounts & Bank Drops,HOW GET VBA/ VCC/OFFSHORE BANK + BONUS,May 09 2019,Hackyboy,2,100.0%,0,0,26,1,1,850, 0 ,Unlimited,no,5.00 USD,0.00042434 BTC 
6,Aug 05 2019,#14088,Fraud,CVV & Cards,CC NO VBV + Carding Guides,Jun 26 2019,Pegasus,2,100.0%,0,0,10,2,2,974, 2 ,42,no,12.00 USD,0.00101841 BTC 
7,Aug 05 2019,#7019,Fraud,Personal Informations & Scans,Megapack of documents and currency templates,Apr 14 2019,g3cko,2,100.0%,2,1,236,2,2,7431, 16 ,Unlimited,no,2.08 USD,0.00017652 BTC 
8,Aug 05 2019,#18162,Fraud,Accounts & Bank Drops,VERIZON ACCOUNTS + WITH FULL INFO,Aug 04 2019,shreateh,2,100.0%,0,0,0,1,2,43, 0 ,Unlimited,no,30.00 USD,0.00254602 BTC 
9,Aug 05 2019,#5124,Fraud,CVV & Cards,ITALIAN HIGH BALANCE FULLZ GOLD/BUSINESS/CORPORATE/GREEN/PREMIER,Aug 18 2018,SUDO,2,100.0%,4,5,1816,1,1,12464, 46 ,Unlimited,no,22.41 USD,0.00190223 BTC 
10,Aug 05 2019,#16457,Fraud,CVV & Cards,CVV to Moneygram 100% success,Jul 25 2019,careersclap,2,100.0%,0,0,7,1,1,275, 0 ,Unlimited,yes,5.60 USD,0.00047556 BTC 
11,Aug 05 2019,#12541,Fraud,Accounts & Bank Drops,Bank account,Jun 13 2019,blackpeteracc,2,100.0%,0,0,0,2,2,1116, 0 ,100,no,896.57 USD,0.07608924 BTC 
12,Aug 05 2019,#14237,Fraud,Other,QUEBEC OLD DL TEMPLATE ( PSD FILES),Jun 29 2019,makekota,2,100.0%,0,0,0,1,2,751, 0 ,Unlimited,no,100.00 USD,0.00848672 BTC 
13,Aug 05 2019,#5136,Fraud,Personal Informations & Scans,USA FULLZ with SSN D.O.B and DRIVERS LICENSE W/ Scans,Aug 18 2018,stanovo1ONLY,2,100.0%,2,3,200,1,2,11060, 27 ,Unlimited,yes,3.00 USD,0.00025460 BTC 
14,Aug 05 2019,#6542,Fraud,Accounts & Bank Drops,proof1,Dec 04 2018,seadweller,2,100.0%,4,5,1120,1,1,3360, 2 ,Unlimited,no,1.12 USD,0.00009511 BTC 
15,Aug 05 2019,#10459,Fraud,Accounts & Bank Drops,&#x2605 Bank Drop Creation Guide &#x2605 Virtual Carding Handbook 2.0 &#x2605 3 Methods All CCs to BTC,May 26 2019,Howtod3,2,100.0%,1,1,120,1,2,2557, 7 ,Unlimited,no,2.12 USD,0.00017976 BTC 
16,Aug 05 2019,#17259,Fraud,Accounts & Bank Drops,10 US Verified Paypal Accounts,Jul 28 2019,Dr.Whit3,2,100.0%,0,0,13,2,2,201, 0 ,Unlimited,no,10.09 USD,0.00085600 BTC 
17,Aug 05 2019,#16836,Fraud,Accounts & Bank Drops,HQ WELLS FARGO BANK DROP,Jul 26 2019,Newron,2,100.0%,0,0,0,2,2,261, 0 ,Unlimited,no,120.00 USD,0.01018407 BTC 
18,Aug 05 2019,#14234,Fraud,Other,Guide: Skimming Successfully And Protecting Yourself [High Quality],Jun 28 2019,wfowfo,2,100.0%,0,0,1,1,2,829, 0 ,Unlimited,no,11.76 USD,0.00099804 BTC 
19,Aug 05 2019,#14029,Fraud,Other,Cashout Websites | Custom-made | 100% Success Rate,Jun 25 2019,dp2015,2,100.0%,0,0,0,1,1,955, 0 ,Unlimited,no,175.00 USD,0.01485177 BTC 
20,Aug 05 2019,#7344,Fraud,Accounts & Bank Drops,HOW GET VBA/ VCC/OFFSHORE BANK + BONUS,May 09 2019,Hackyboy,2,100.0%,0,0,26,1,1,850, 0 ,Unlimited,no,5.00 USD,0.00042434 BTC 
21,Aug 05 2019,#14088,Fraud,CVV & Cards,CC NO VBV + Carding Guides,Jun 26 2019,Pegasus,2,100.0%,0,0,10,2,2,974, 2 ,42,no,12.00 USD,0.00101841 BTC 
22,Aug 05 2019,#7019,Fraud,Personal Informations & Scans,Megapack of documents and currency templates,Apr 14 2019,g3cko,2,100.0%,2,1,236,2,2,7431, 16 ,Unlimited,no,2.08 USD,0.00017652 BTC 
23,Aug 05 2019,#18162,Fraud,Accounts & Bank Drops,VERIZON ACCOUNTS + WITH FULL INFO,Aug 04 2019,shreateh,2,100.0%,0,0,0,1,2,43, 0 ,Unlimited,no,30.00 USD,0.00254602 BTC 
24,Aug 05 2019,#5124,Fraud,CVV & Cards,ITALIAN HIGH BALANCE FULLZ GOLD/BUSINESS/CORPORATE/GREEN/PREMIER,Aug 18 2018,SUDO,2,100.0%,4,5,1816,1,1,12464, 46 ,Unlimited,no,22.41 USD,0.00190223 BTC 
25,Aug 05 2019,#16457,Fraud,CVV & Cards,CVV to Moneygram 100% success,Jul 25 2019,careersclap,2,100.0%,0,0,7,1,1,275, 0 ,Unlimited,yes,5.60 USD,0.00047556 BTC 
26,Aug 05 2019,#12541,Fraud,Accounts & Bank Drops,Bank account,Jun 13 2019,blackpeteracc,2,100.0%,0,0,0,2,2,1116, 0 ,100,no,896.57 USD,0.07608924 BTC 
27,Aug 05 2019,#14237,Fraud,Other,QUEBEC OLD DL TEMPLATE ( PSD FILES),Jun 29 2019,makekota,2,100.0%,0,0,0,1,2,751, 0 ,Unlimited,no,100.00 USD,0.00848672 BTC 
28,Aug 05 2019,#5136,Fraud,Personal Informations & Scans,USA FULLZ with SSN D.O.B and DRIVERS LICENSE W/ Scans,Aug 18 2018,stanovo1ONLY,2,100.0%,2,3,200,1,2,11060, 27 ,Unlimited,yes,3.00 USD,0.00025460 BTC 
29,Aug 05 2019,#6542,Fraud,Accounts & Bank Drops,proof1,Dec 04 2018,seadweller,2,100.0%,4,5,1120,1,1,3360, 2 ,Unlimited,no,1.12 USD,0.00009511 BTC 
30,Aug 05 2019,#10459,Fraud,Accounts & Bank Drops,&#x2605 Bank Drop Creation Guide &#x2605 Virtual Carding Handbook 2.0 &#x2605 3 Methods All CCs to BTC,May 26 2019,Howtod3,2,100.0%,1,1,120,1,2,2557, 7 ,Unlimited,no,2.12 USD,0.00017976 BTC 
31,Aug 05 2019,#17259,Fraud,Accounts & Bank Drops,10 US Verified Paypal Accounts,Jul 28 2019,Dr.Whit3,2,100.0%,0,0,13,2,2,201, 0 ,Unlimited,no,10.09 USD,0.00085600 BTC 
32,Aug 05 2019,#16836,Fraud,Accounts & Bank Drops,HQ WELLS FARGO BANK DROP,Jul 26 2019,Newron,2,100.0%,0,0,0,2,2,261, 0 ,Unlimited,no,120.00 USD,0.01018407 BTC 
33,Aug 05 2019,#14234,Fraud,Other,Guide: Skimming Successfully And Protecting Yourself [High Quality],Jun 28 2019,wfowfo,2,100.0%,0,0,1,1,2,829, 0 ,Unlimited,no,11.76 USD,0.00099804 BTC 
34,Aug 05 2019,#14029,Fraud,Other,Cashout Websites | Custom-made | 100% Success Rate,Jun 25 2019,dp2015,2,100.0%,0,0,0,1,1,955, 0 ,Unlimited,no,175.00 USD,0.01485177 BTC 
35,Aug 05 2019,#7344,Fraud,Accounts & Bank Drops,HOW GET VBA/ VCC/OFFSHORE BANK + BONUS,May 09 2019,Hackyboy,2,100.0%,0,0,26,1,1,850, 0 ,Unlimited,no,5.00 USD,0.00042434 BTC 
36,Aug 05 2019,#14088,Fraud,CVV & Cards,CC NO VBV + Carding Guides,Jun 26 2019,Pegasus,2,100.0%,0,0,10,2,2,974, 2 ,42,no,12.00 USD,0.00101841 BTC 
37,Aug 05 2019,#7019,Fraud,Personal Informations & Scans,Megapack of documents and currency templates,Apr 14 2019,g3cko,2,100.0%,2,1,236,2,2,7431, 16 ,Unlimited,no,2.08 USD,0.00017652 BTC 
38,Aug 05 2019,#18162,Fraud,Accounts & Bank Drops,VERIZON ACCOUNTS + WITH FULL INFO,Aug 04 2019,shreateh,2,100.0%,0,0,0,1,2,43, 0 ,Unlimited,no,30.00 USD,0.00254602 BTC 
39,Aug 05 2019,#5124,Fraud,CVV & Cards,ITALIAN HIGH BALANCE FULLZ GOLD/BUSINESS/CORPORATE/GREEN/PREMIER,Aug 18 2018,SUDO,2,100.0%,4,5,1816,1,1,12464, 46 ,Unlimited,no,22.41 USD,0.00190223 BTC 
40,Aug 05 2019,#16457,Fraud,CVV & Cards,CVV to Moneygram 100% success,Jul 25 2019,careersclap,2,100.0%,0,0,7,1,1,275, 0 ,Unlimited,yes,5.60 USD,0.00047556 BTC 
41,Aug 05 2019,#12541,Fraud,Accounts & Bank Drops,Bank account,Jun 13 2019,blackpeteracc,2,100.0%,0,0,0,2,2,1116, 0 ,100,no,896.57 USD,0.07608924 BTC 
42,Aug 05 2019,#14237,Fraud,Other,QUEBEC OLD DL TEMPLATE ( PSD FILES),Jun 29 2019,makekota,2,100.0%,0,0,0,1,2,751, 0 ,Unlimited,no,100.00 USD,0.00848672 BTC 
43,Aug 05 2019,#5136,Fraud,Personal Informations & Scans,USA FULLZ with SSN D.O.B and DRIVERS LICENSE W/ Scans,Aug 18 2018,stanovo1ONLY,2,100.0%,2,3,200,1,2,11060, 27 ,Unlimited,yes,3.00 USD,0.00025460 BTC 
44,Aug 05 2019,#6542,Fraud,Accounts & Bank Drops,proof1,Dec 04 2018,seadweller,2,100.0%,4,5,1120,1,1,3360, 2 ,Unlimited,no,1.12 USD,0.00009511 BTC 
45,Aug 05 2019,#10459,Fraud,Accounts & Bank Drops,&#x2605 Bank Drop Creation Guide &#x2605 Virtual Carding Handbook 2.0 &#x2605 3 Methods All CCs to BTC,May 26 2019,Howtod3,2,100.0%,1,1,120,1,2,2557, 7 ,Unlimited,no,2.12 USD,0.00017976 BTC 
46,Aug 05 2019,#9545,Fraud,Accounts & Bank Drops,Verified Western Union Accounts w/ Attached CC,May 22 2019,bitbuster,2,100.0%,0,1,33,1,2,4183, 8 ,Unlimited,no,23.00 USD,0.00195195 BTC 
47,Aug 05 2019,#17836,Fraud,Personal Informations & Scans,ERASE ALL CRIMINAL RECORDS,Aug 01 2019,alphamega,2,100.0%,0,0,0,2,2,118, 0 ,Unlimited,no,5000.00 USD,0.42433619 BTC 
48,Aug 05 2019,#9471,Fraud,Other,CREDIT CARD PACK,May 21 2019,trackers,2,100.0%,0,0,11,1,1,1490, 0 ,69,no,10.00 USD,0.00084867 BTC 
49,Aug 05 2019,#17278,Fraud,CVV & Cards,USA VISA CARD &gt&gt DEDIT CARD &gt&gt HIGH QUALITY USA CVV / USA CC / US CVV / US CC,Jul 28 2019,force,2,100.0%,0,0,0,1,1,195, 0 ,Unlimited,no,20.00 USD,0.00169734 BTC 
50,Aug 05 2019,#15270,Fraud,Accounts & Bank Drops,EU BANK ACCOUNT (business),Jul 16 2019,BigPenis,2,100.0%,0,0,1,2,2,485, 0 ,Unlimited,no,2185.38 USD,0.18546753 BTC 
51,Aug 05 2019,#7524,Fraud,Accounts & Bank Drops,10 Pack SSN Bank Records with Cashout Guide,May 10 2019,expectus,2,100.0%,0,1,4,1,2,1376, 1 ,17,no,70.00 USD,0.00594071 BTC 
52,Aug 05 2019,#13565,Fraud,CVV & Cards,Buy Valid Gift Cards,Jun 19 2019,HeartKidnapper,2,100.0%,0,0,2,1,1,692, 0 ,Unlimited,no,25.00 USD,0.00212168 BTC 
53,Aug 05 2019,#13828,Fraud,Personal Informations & Scans,US SSN+DOB | CALIFORNIA (CA),Jun 24 2019,egoods,2,100.0%,2,2,218,1,2,1020, 6 ,Unlimited,yes,0.99 USD,0.00008402 BTC 
54,Aug 05 2019,#7884,Fraud,CVV & Cards,CVV CREDIT/DEBIT CARDS DETAILS OF U.S WITH GOOD VALIDITY PACK OF 2,May 13 2019,dumbakarahi,2,100.0%,0,1,22,1,2,1502, 5 ,Unlimited,no,15.00 USD,0.00127301 BTC 
55,Aug 05 2019,#17846,Fraud,Other,Shotathome.com - [LIFETIME PORN PREMIUM ACCOUNT],Aug 01 2019,MyChoice,2,100.0%,0,0,0,1,1,119, 0 ,Unlimited,no,9.99 USD,0.00084782 BTC 
56,Aug 05 2019,#17340,Fraud,Personal Informations & Scans,Erase crminal records in any country,Jul 29 2019,medscentre919,2,100.0%,0,2,4,2,2,193, 0 ,Unlimited,no,2500.00 USD,0.21216809 BTC 
57,Aug 05 2019,#9235,Fraud,Accounts & Bank Drops,cPanel 3$,May 20 2019,21Savage,2,100.0%,0,1,20,1,1,337, 0 ,Unlimited,no,3.00 USD,0.00025460 BTC 
58,Aug 05 2019,#18056,Fraud,Other,StockX 6.8M USERS,Aug 03 2019,A_W_S,2,100.0%,0,1,2,1,1,292, 2 ,Unlimited,no,300.00 USD,0.02546017 BTC 
59,Aug 05 2019,#15272,Fraud,CVV & Cards,SELLING FRESH CVV[USA ONLY] 5$ AMEX/VISA/MC 5X25$,Jul 16 2019,Evola,2,100.0%,0,0,5,1,2,485, 1 ,Unlimited,no,25.00 USD,0.00212168 BTC 
60,Aug 05 2019,#6881,Fraud,Personal Informations & Scans,50 DOCTORS NOTES SIGNED AND UNSIGNED BEST QUALITY,Apr 09 2019,jimmy2018,2,100.0%,1,1,60,1,2,1726, 1 ,Unlimited,no,3.23 USD,0.00027392 BTC 
61,Aug 05 2019,#9545,Fraud,Accounts & Bank Drops,Verified Western Union Accounts w/ Attached CC,May 22 2019,bitbuster,2,100.0%,0,1,33,1,2,4183, 8 ,Unlimited,no,23.00 USD,0.00195195 BTC 
62,Aug 05 2019,#17836,Fraud,Personal Informations & Scans,ERASE ALL CRIMINAL RECORDS,Aug 01 2019,alphamega,2,100.0%,0,0,0,2,2,118, 0 ,Unlimited,no,5000.00 USD,0.42433619 BTC 
63,Aug 05 2019,#9471,Fraud,Other,CREDIT CARD PACK,May 21 2019,trackers,2,100.0%,0,0,11,1,1,1490, 0 ,69,no,10.00 USD,0.00084867 BTC 
64,Aug 05 2019,#17278,Fraud,CVV & Cards,USA VISA CARD &gt&gt DEDIT CARD &gt&gt HIGH QUALITY USA CVV / USA CC / US CVV / US CC,Jul 28 2019,force,2,100.0%,0,0,0,1,1,195, 0 ,Unlimited,no,20.00 USD,0.00169734 BTC 
65,Aug 05 2019,#15270,Fraud,Accounts & Bank Drops,EU BANK ACCOUNT (business),Jul 16 2019,BigPenis,2,100.0%,0,0,1,2,2,485, 0 ,Unlimited,no,2185.38 USD,0.18546753 BTC 
66,Aug 05 2019,#7524,Fraud,Accounts & Bank Drops,10 Pack SSN Bank Records with Cashout Guide,May 10 2019,expectus,2,100.0%,0,1,4,1,2,1376, 1 ,17,no,70.00 USD,0.00594071 BTC 
67,Aug 05 2019,#13565,Fraud,CVV & Cards,Buy Valid Gift Cards,Jun 19 2019,HeartKidnapper,2,100.0%,0,0,2,1,1,692, 0 ,Unlimited,no,25.00 USD,0.00212168 BTC 
68,Aug 05 2019,#13828,Fraud,Personal Informations & Scans,US SSN+DOB | CALIFORNIA (CA),Jun 24 2019,egoods,2,100.0%,2,2,218,1,2,1020, 6 ,Unlimited,yes,0.99 USD,0.00008402 BTC 
69,Aug 05 2019,#7884,Fraud,CVV & Cards,CVV CREDIT/DEBIT CARDS DETAILS OF U.S WITH GOOD VALIDITY PACK OF 2,May 13 2019,dumbakarahi,2,100.0%,0,1,22,1,2,1502, 5 ,Unlimited,no,15.00 USD,0.00127301 BTC 
70,Aug 05 2019,#17846,Fraud,Other,Shotathome.com - [LIFETIME PORN PREMIUM ACCOUNT],Aug 01 2019,MyChoice,2,100.0%,0,0,0,1,1,119, 0 ,Unlimited,no,9.99 USD,0.00084782 BTC 
71,Aug 05 2019,#17340,Fraud,Personal Informations & Scans,Erase crminal records in any country,Jul 29 2019,medscentre919,2,100.0%,0,2,4,2,2,193, 0 ,Unlimited,no,2500.00 USD,0.21216809 BTC 
72,Aug 05 2019,#9235,Fraud,Accounts & Bank Drops,cPanel 3$,May 20 2019,21Savage,2,100.0%,0,1,20,1,1,337, 0 ,Unlimited,no,3.00 USD,0.00025460 BTC 
73,Aug 05 2019,#18056,Fraud,Other,StockX 6.8M USERS,Aug 03 2019,A_W_S,2,100.0%,0,1,2,1,1,292, 2 ,Unlimited,no,300.00 USD,0.02546017 BTC 
74,Aug 05 2019,#15272,Fraud,CVV & Cards,SELLING FRESH CVV[USA ONLY] 5$ AMEX/VISA/MC 5X25$,Jul 16 2019,Evola,2,100.0%,0,0,5,1,2,485, 1 ,Unlimited,no,25.00 USD,0.00212168 BTC 
75,Aug 05 2019,#6881,Fraud,Personal Informations & Scans,50 DOCTORS NOTES SIGNED AND UNSIGNED BEST QUALITY,Apr 09 2019,jimmy2018,2,100.0%,1,1,60,1,2,1726, 1 ,Unlimited,no,3.23 USD,0.00027392 BTC 
76,Aug 05 2019,#17962,Fraud,Personal Informations & Scans,dew,Aug 02 2019,Reloaded,2,100.0%,Moderator,Moderator,0,Moderator,Moderator,87, 0 ,Unlimited,no,1.12 USD,0.00009511 BTC 
77,Aug 05 2019,#17962,Fraud,Personal Informations & Scans,dew,Aug 02 2019,Reloaded,2,100.0%,Moderator,Moderator,0,Moderator,Moderator,87, 0 ,Unlimited,no,1.12 USD,0.00009511 BTC 
78,Aug 05 2019,#6908,Software & Malware,Other,Monero for free - 2019 method with support !,Apr 12 2019,g3cko,2,100.0%,2,1,236,2,2,3731, 2 ,Unlimited,no,20.80 USD,0.00176959 BTC 
79,Aug 05 2019,#14138,Software & Malware,Botnets & Malware,Biggest Hack Pack Ever,Jun 26 2019,Pegasus,2,100.0%,0,0,10,2,2,989, 0 ,Unlimited,no,30.00 USD,0.00255230 BTC 
80,Aug 05 2019,#10463,Software & Malware,Botnets & Malware,*** BitcoinStealer 4.3 + Mass AddressGenerator ***,May 26 2019,Howtod3,2,100.0%,1,1,120,1,2,6943, 4 ,Unlimited,no,1.89 USD,0.00016079 BTC 
81,Aug 05 2019,#7188,Software & Malware,Botnets & Malware,VMWARE Workstation PRO 12.1,Apr 22 2019,jimmy2018,2,100.0%,1,1,60,1,2,1782, 0 ,Unlimited,no,3.07 USD,0.00026099 BTC 
82,Aug 05 2019,#17277,Software & Malware,Security Softwares,Antidetect 7.3 + 4000 Configs,Jul 28 2019,daone,2,100.0%,0,0,5,2,2,312, 0 ,Unlimited,yes,4.86 USD,0.00041377 BTC 
83,Aug 05 2019,#10563,Software & Malware,Security Softwares,ANDROID MOBILE VIRTUAL FRAUDBOX CARDING -- !!Guarantee Your 100% Success Now!!,May 27 2019,bitbuster,2,100.0%,0,1,33,1,2,3972, 1 ,Unlimited,no,25.00 USD,0.00212691 BTC 
84,Aug 05 2019,#14598,Software & Malware,Other,Burp Suite Professional life,Jun 29 2019,makekota,2,100.0%,0,0,0,1,2,781, 0 ,Unlimited,no,200.00 USD,0.01701531 BTC 
85,Aug 05 2019,#15484,Software & Malware,Other,Facebook Blaster PRO (FULL VERSION) [Cracked],Jul 19 2019,colombiaconnection,2,100.0%,0,0,3,1,1,473, 0 ,Unlimited,yes,11.53 USD,0.00098093 BTC 
86,Aug 05 2019,#15177,Software & Malware,Botnets & Malware,ULTIMATE BOTNET GUIDE - START YOUR OWN BOTNET,Jul 12 2019,trackers,2,100.0%,0,0,11,1,1,693, 0 ,Unlimited,no,10.00 USD,0.00085077 BTC 
87,Aug 05 2019,#15461,Software & Malware,Other,E-MAIL BOMBER BROWSER SCRIPT,Jul 19 2019,egoods,2,100.0%,2,2,218,1,2,544, 0 ,Unlimited,no,3.99 USD,0.00033946 BTC 
88,Aug 05 2019,#17031,Software & Malware,Botnets & Malware,How to steal Bitcoin,Jul 27 2019,careersclap,2,100.0%,0,0,7,1,1,340, 0 ,Unlimited,yes,5.60 USD,0.00047627 BTC 
89,Aug 05 2019,#12524,Software & Malware,Security Softwares,Antidetect 7.3 + 7.1R + 4.000 Configs,Jun 12 2019,wfowfo,2,100.0%,0,0,1,1,2,1329, 0 ,Unlimited,yes,12.00 USD,0.00102092 BTC 
90,Aug 05 2019,#17060,Hosting & Security,Other,High Power Wifi Cracking Decoder Free Internet,Jul 27 2019,careersclap,2,100.0%,0,0,7,1,1,349, 0 ,Unlimited,no,100.77 USD,0.00857282 BTC 
91,Aug 05 2019,#7307,Hosting & Security,Other,&#x2605EXCHANGE&#x2605 Bitcoin to &#x20ACuro &#x2605 50&#x20AC &#x2605 FREE SHIPPING WITH DHL,May 04 2019,NoLimits187,2,100.0%,0,2,48,1,1,2810, 0 ,50,no,69.42 USD,0.00590572 BTC 
92,Aug 05 2019,#15380,Hosting & Security,VPN,Hidemyass VPN Pro Premium Account Plus Warranty,Jul 18 2019,enjoymyaccounts,2,100.0%,0,0,18,1,1,784, 0 ,Unlimited,no,3.70 USD,0.00031478 BTC 
93,Aug 05 2019,#6921,Hosting & Security,Other,Avast Internet Security 2018 - Free until 2038,Apr 12 2019,g3cko,2,100.0%,2,1,236,2,2,3274, 0 ,Unlimited,no,10.40 USD,0.00088480 BTC 
94,Aug 05 2019,#7198,Hosting & Security,Other,Basic Mistakes That Lead To People Getting Arrested From Darknet,Apr 22 2019,jimmy2018,2,100.0%,1,1,60,1,2,3214, 0 ,Unlimited,no,4.47 USD,0.00038006 BTC 
95,Aug 05 2019,#15261,Hosting & Security,VPN,AIRVPN.ORG &#x2605PREMIUM ACCOUNT&#x2605 [LIFETIME WARRANTY],Jul 15 2019,colombiaconnection,2,100.0%,0,0,3,1,1,601, 0 ,Unlimited,yes,3.37 USD,0.00028671 BTC 
96,Aug 05 2019,#7395,Hosting & Security,Socks,How to use socks 5,May 09 2019,Hackyboy,2,100.0%,0,0,26,1,1,1263, 0 ,Unlimited,no,1.00 USD,0.00008508 BTC 
97,Aug 05 2019,#15451,Hosting & Security,Other,AMAZON AWS RDP | FLORIDA (FL),Jul 19 2019,egoods,2,100.0%,2,2,218,1,2,583, 0 ,Unlimited,no,2.90 USD,0.00024672 BTC 
98,Aug 05 2019,#5134,Hosting & Security,VPN,HideMyAss! VPN: 2-Yr Subscription,Aug 18 2018,stanovo1ONLY,2,100.0%,2,3,200,1,2,11017, 0 ,Unlimited,yes,11.00 USD,0.00093584 BTC 
99,Aug 05 2019,#7882,Hosting & Security,Hosting & Domains,RDP/VPS Windows or Linux - Multiple location,May 13 2019,Neolytik,2,100.0%,0,0,1,1,1,5836, 1 ,Unlimited,no,33.58 USD,0.00285666 BTC 
100,Aug 05 2019,#9470,Hosting & Security,Other,How to make PGP keys fast and secure,May 21 2019,trackers,2,100.0%,0,0,11,1,1,2114, 0 ,70,no,2.00 USD,0.00017015 BTC 
101,Aug 05 2019,#6908,Software & Malware,Other,Monero for free - 2019 method with support !,Apr 12 2019,g3cko,2,100.0%,2,1,236,2,2,3731, 2 ,Unlimited,no,20.80 USD,0.00176959 BTC 
102,Aug 05 2019,#14138,Software & Malware,Botnets & Malware,Biggest Hack Pack Ever,Jun 26 2019,Pegasus,2,100.0%,0,0,10,2,2,989, 0 ,Unlimited,no,30.00 USD,0.00255230 BTC 
103,Aug 05 2019,#10463,Software & Malware,Botnets & Malware,*** BitcoinStealer 4.3 + Mass AddressGenerator ***,May 26 2019,Howtod3,2,100.0%,1,1,120,1,2,6943, 4 ,Unlimited,no,1.89 USD,0.00016079 BTC 
104,Aug 05 2019,#7188,Software & Malware,Botnets & Malware,VMWARE Workstation PRO 12.1,Apr 22 2019,jimmy2018,2,100.0%,1,1,60,1,2,1782, 0 ,Unlimited,no,3.07 USD,0.00026099 BTC 
105,Aug 05 2019,#17277,Software & Malware,Security Softwares,Antidetect 7.3 + 4000 Configs,Jul 28 2019,daone,2,100.0%,0,0,5,2,2,312, 0 ,Unlimited,yes,4.86 USD,0.00041377 BTC 
106,Aug 05 2019,#10563,Software & Malware,Security Softwares,ANDROID MOBILE VIRTUAL FRAUDBOX CARDING -- !!Guarantee Your 100% Success Now!!,May 27 2019,bitbuster,2,100.0%,0,1,33,1,2,3972, 1 ,Unlimited,no,25.00 USD,0.00212691 BTC 
107,Aug 05 2019,#14598,Software & Malware,Other,Burp Suite Professional life,Jun 29 2019,makekota,2,100.0%,0,0,0,1,2,781, 0 ,Unlimited,no,200.00 USD,0.01701531 BTC 
108,Aug 05 2019,#15484,Software & Malware,Other,Facebook Blaster PRO (FULL VERSION) [Cracked],Jul 19 2019,colombiaconnection,2,100.0%,0,0,3,1,1,473, 0 ,Unlimited,yes,11.53 USD,0.00098093 BTC 
109,Aug 05 2019,#15177,Software & Malware,Botnets & Malware,ULTIMATE BOTNET GUIDE - START YOUR OWN BOTNET,Jul 12 2019,trackers,2,100.0%,0,0,11,1,1,693, 0 ,Unlimited,no,10.00 USD,0.00085077 BTC 
110,Aug 05 2019,#15461,Software & Malware,Other,E-MAIL BOMBER BROWSER SCRIPT,Jul 19 2019,egoods,2,100.0%,2,2,218,1,2,544, 0 ,Unlimited,no,3.99 USD,0.00033946 BTC 
111,Aug 05 2019,#17031,Software & Malware,Botnets & Malware,How to steal Bitcoin,Jul 27 2019,careersclap,2,100.0%,0,0,7,1,1,340, 0 ,Unlimited,yes,5.60 USD,0.00047627 BTC 
112,Aug 05 2019,#12524,Software & Malware,Security Softwares,Antidetect 7.3 + 7.1R + 4.000 Configs,Jun 12 2019,wfowfo,2,100.0%,0,0,1,1,2,1329, 0 ,Unlimited,yes,12.00 USD,0.00102092 BTC 
113,Aug 05 2019,#17060,Hosting & Security,Other,High Power Wifi Cracking Decoder Free Internet,Jul 27 2019,careersclap,2,100.0%,0,0,7,1,1,349, 0 ,Unlimited,no,100.77 USD,0.00857282 BTC 
114,Aug 05 2019,#7307,Hosting & Security,Other,&#x2605EXCHANGE&#x2605 Bitcoin to &#x20ACuro &#x2605 50&#x20AC &#x2605 FREE SHIPPING WITH DHL,May 04 2019,NoLimits187,2,100.0%,0,2,48,1,1,2810, 0 ,50,no,69.42 USD,0.00590572 BTC 
115,Aug 05 2019,#15380,Hosting & Security,VPN,Hidemyass VPN Pro Premium Account Plus Warranty,Jul 18 2019,enjoymyaccounts,2,100.0%,0,0,18,1,1,784, 0 ,Unlimited,no,3.70 USD,0.00031478 BTC 
116,Aug 05 2019,#6921,Hosting & Security,Other,Avast Internet Security 2018 - Free until 2038,Apr 12 2019,g3cko,2,100.0%,2,1,236,2,2,3274, 0 ,Unlimited,no,10.40 USD,0.00088480 BTC 
117,Aug 05 2019,#7198,Hosting & Security,Other,Basic Mistakes That Lead To People Getting Arrested From Darknet,Apr 22 2019,jimmy2018,2,100.0%,1,1,60,1,2,3214, 0 ,Unlimited,no,4.47 USD,0.00038006 BTC 
118,Aug 05 2019,#15261,Hosting & Security,VPN,AIRVPN.ORG &#x2605PREMIUM ACCOUNT&#x2605 [LIFETIME WARRANTY],Jul 15 2019,colombiaconnection,2,100.0%,0,0,3,1,1,601, 0 ,Unlimited,yes,3.37 USD,0.00028671 BTC 
119,Aug 05 2019,#7395,Hosting & Security,Socks,How to use socks 5,May 09 2019,Hackyboy,2,100.0%,0,0,26,1,1,1263, 0 ,Unlimited,no,1.00 USD,0.00008508 BTC 
120,Aug 05 2019,#15451,Hosting & Security,Other,AMAZON AWS RDP | FLORIDA (FL),Jul 19 2019,egoods,2,100.0%,2,2,218,1,2,583, 0 ,Unlimited,no,2.90 USD,0.00024672 BTC 
121,Aug 05 2019,#5134,Hosting & Security,VPN,HideMyAss! VPN: 2-Yr Subscription,Aug 18 2018,stanovo1ONLY,2,100.0%,2,3,200,1,2,11017, 0 ,Unlimited,yes,11.00 USD,0.00093584 BTC 
122,Aug 05 2019,#7882,Hosting & Security,Hosting & Domains,RDP/VPS Windows or Linux - Multiple location,May 13 2019,Neolytik,2,100.0%,0,0,1,1,1,5836, 1 ,Unlimited,no,33.58 USD,0.00285666 BTC 
123,Aug 05 2019,#9470,Hosting & Security,Other,How to make PGP keys fast and secure,May 21 2019,trackers,2,100.0%,0,0,11,1,1,2114, 0 ,70,no,2.00 USD,0.00017015 BTC 
124,Aug 05 2019,#7178,Other,Other,RapeRoom 8 - DVD - German,Apr 22 2019,jimmy2018,2,100.0%,1,1,60,1,2,1734, 2 ,Unlimited,no,1.11 USD,0.00009430 BTC 
125,Aug 05 2019,#17058,Other,Other,$3000xWESTERN UNION TRANSFERS USA UK CA AU EU ASIAUAEASIA,Jul 27 2019,medscentre919,2,100.0%,0,2,4,2,2,245, 0 ,Unlimited,no,500.00 USD,0.04253828 BTC 
126,Aug 05 2019,#14703,Other,Other,Western Union Instant cash out Available.,Jul 01 2019,thopher,2,100.0%,0,1,4,2,2,790, 0 ,Unlimited,no,250.00 USD,0.02126914 BTC 
127,Aug 05 2019,#10480,Other,Other,*** ALL DEEPWEB .ONION 2019 ***,May 26 2019,Howtod3,2,100.0%,1,1,120,1,2,1449, 7 ,Unlimited,no,0.99 USD,0.00008423 BTC 
128,Aug 05 2019,#14872,Other,Other,Apidae off the markets,Jul 04 2019,Apidae,2,100.0%,0,0,1,1,1,739, 1 ,Unlimited,no,0.01 USD,0.00000058 BTC 
129,Aug 05 2019,#17319,Other,Other,Tip Jar for Good Service / Missing Postage / Owings etc,Jul 28 2019,kratomukonly,2,100.0%,0,3,37,1,1,141, 2 ,Unlimited,no,1.22 USD,0.00010344 BTC 
130,Aug 05 2019,#7423,Other,Other,Penis Enlargement Selfie,May 10 2019,namedeclined,2,100.0%,0,0,0,2,2,826, 0 ,Unlimited,no,22.39 USD,0.00190507 BTC 
131,Aug 05 2019,#7178,Other,Other,RapeRoom 8 - DVD - German,Apr 22 2019,jimmy2018,2,100.0%,1,1,60,1,2,1734, 2 ,Unlimited,no,1.11 USD,0.00009430 BTC 
132,Aug 05 2019,#17058,Other,Other,$3000xWESTERN UNION TRANSFERS USA UK CA AU EU ASIAUAEASIA,Jul 27 2019,medscentre919,2,100.0%,0,2,4,2,2,245, 0 ,Unlimited,no,500.00 USD,0.04253828 BTC 
133,Aug 05 2019,#14703,Other,Other,Western Union Instant cash out Available.,Jul 01 2019,thopher,2,100.0%,0,1,4,2,2,790, 0 ,Unlimited,no,250.00 USD,0.02126914 BTC 
134,Aug 05 2019,#10480,Other,Other,*** ALL DEEPWEB .ONION 2019 ***,May 26 2019,Howtod3,2,100.0%,1,1,120,1,2,1449, 7 ,Unlimited,no,0.99 USD,0.00008423 BTC 
135,Aug 05 2019,#14872,Other,Other,Apidae off the markets,Jul 04 2019,Apidae,2,100.0%,0,0,1,1,1,739, 1 ,Unlimited,no,0.01 USD,0.00000058 BTC 
136,Aug 05 2019,#17319,Other,Other,Tip Jar for Good Service / Missing Postage / Owings etc,Jul 28 2019,kratomukonly,2,100.0%,0,3,37,1,1,141, 2 ,Unlimited,no,1.22 USD,0.00010344 BTC 
137,Aug 05 2019,#7423,Other,Other,Penis Enlargement Selfie,May 10 2019,namedeclined,2,100.0%,0,0,0,2,2,826, 0 ,Unlimited,no,22.39 USD,0.00190507 BTC 
138,Aug 05 2019,#13785,Drugs,Stimulants,THEICEMAN&#xB4S FIRE BITCH KILLER METH 1Gram,Jun 24 2019,theiceman33,2,100.0%,0,0,1,1,1,836, 0 ,Unlimited,no,78.45 USD,0.00665781 BTC 
139,Aug 05 2019,#14010,Drugs,Ecstasy,1 gram TOP Quality Dutch Champagne MDMA 84%+++ 10% BONUS LIMITED TIME ONLY!!!,Jun 25 2019,DrugsMakeUSmarter,2,100.0%,0,1,6,1,2,898, 1 ,Unlimited,no,5.59 USD,0.00047461 BTC 
140,Aug 05 2019,#17569,Drugs,Benzodiazepines,XANAX 2MG | REAL ALPRAZOLAM | BEST PRESS IN CANADA,Jul 30 2019,bcdrugs,2,100.0%,0,0,0,2,2,155, 0 ,Unlimited,no,2.00 USD,0.00016973 BTC 
141,Aug 05 2019,#7269,Drugs,Cannabis & Hashish,&#x26051g&#x2605BUBBLE HASH_MALAWI CHOCOLATE&#x2605 very sticky wie Knete,May 01 2019,NoLimits187,2,100.0%,0,2,48,1,1,1507, 0 ,30,no,14.57 USD,0.00123645 BTC 
142,Aug 05 2019,#16424,Drugs,Psychedelic,LIQUID MUSHROOMS (Pure Psilocybin Extract) No Nausea Faster Trip,Jul 25 2019,TripWithScience,2,100.0%,0,0,2,1,1,303, 2 ,Unlimited,no,19.95 USD,0.00169310 BTC 
143,Aug 05 2019,#17172,Drugs,Benzodiazepines,25 Etizolzam 1mg tabs. Generics. FE Only,Jul 27 2019,MedIndia,2,100.0%,0,0,1,1,2,219, 0 ,Unlimited,no,9.12 USD,0.00077406 BTC 
144,Aug 05 2019,#17256,Drugs,Cannabis & Hashish,CANNABIS CAPSULES - 17.5mg THC - SATIVA - 25 caps,Jul 28 2019,KINDercare,2,100.0%,0,0,0,1,2,189, 0 ,Unlimited,no,40.00 USD,0.00339469 BTC 
145,Aug 05 2019,#17653,Drugs,Opiates,3.5g AFGHAN HEROIN - UK FREE NEXT DAY DELIVERY &#xA3180,Jul 30 2019,DistrictTEN,2,100.0%,0,1,0,1,2,141, 0 ,Unlimited,no,218.90 USD,0.01857748 BTC 
146,Aug 05 2019,#10488,Drugs,Psychedelic,*** HOW TO MAKE LSD ***,May 26 2019,Howtod3,2,100.0%,1,1,120,1,2,1351, 0 ,Unlimited,no,0.99 USD,0.00008402 BTC 
147,Aug 05 2019,#15003,Drugs,Ecstasy,MDMA Grab Bag Introductory Offer,Jul 08 2019,TravisHnu,2,100.0%,0,0,0,1,1,611, 0 ,20,no,125.00 USD,0.01060840 BTC 
148,Aug 05 2019,#7350,Drugs,Steroids,&#x2605 Test E 250 &#x2605 Made In Germany &#x2605,May 09 2019,MarkKosta1,2,100.0%,0,1,10,1,2,1815, 6 ,30,no,25.00 USD,0.00212168 BTC 
149,Aug 05 2019,#14229,Drugs,Ecstasy,One gram TOP quality Pure (Self Made!) MDMA Zero Cut!,Jun 28 2019,DiazNL,2,100.0%,0,0,2,2,2,545, 0 ,Unlimited,no,19.05 USD,0.00161690 BTC 
150,Aug 05 2019,#17552,Drugs,Cannabis & Hashish,Premium C-Liquid 20ml PURE (AMB-FUBINACA),Jul 29 2019,Greenstone,2,100.0%,0,0,0,1,2,161, 0 ,Unlimited,no,61.64 USD,0.00523114 BTC 
151,Aug 05 2019,#16246,Drugs,Cannabis & Hashish,TOP QUALITY HASH 3.5G ONLY &#xA310,Jul 23 2019,vice,2,100.0%,0,0,2,1,1,289, 0 ,Unlimited,no,14.59 USD,0.00123850 BTC 
152,Aug 05 2019,#17656,Drugs,Ecstasy,100 grams MDMA Crystal for sale,Jul 30 2019,medscentre919,2,100.0%,0,2,4,2,2,153, 1 ,Unlimited,no,200.00 USD,0.01697345 BTC 
153,Aug 05 2019,#13785,Drugs,Stimulants,THEICEMAN&#xB4S FIRE BITCH KILLER METH 1Gram,Jun 24 2019,theiceman33,2,100.0%,0,0,1,1,1,836, 0 ,Unlimited,no,78.45 USD,0.00665781 BTC 
154,Aug 05 2019,#14010,Drugs,Ecstasy,1 gram TOP Quality Dutch Champagne MDMA 84%+++ 10% BONUS LIMITED TIME ONLY!!!,Jun 25 2019,DrugsMakeUSmarter,2,100.0%,0,1,6,1,2,898, 1 ,Unlimited,no,5.59 USD,0.00047461 BTC 
155,Aug 05 2019,#17569,Drugs,Benzodiazepines,XANAX 2MG | REAL ALPRAZOLAM | BEST PRESS IN CANADA,Jul 30 2019,bcdrugs,2,100.0%,0,0,0,2,2,155, 0 ,Unlimited,no,2.00 USD,0.00016973 BTC 
156,Aug 05 2019,#7269,Drugs,Cannabis & Hashish,&#x26051g&#x2605BUBBLE HASH_MALAWI CHOCOLATE&#x2605 very sticky wie Knete,May 01 2019,NoLimits187,2,100.0%,0,2,48,1,1,1507, 0 ,30,no,14.57 USD,0.00123645 BTC 
157,Aug 05 2019,#16424,Drugs,Psychedelic,LIQUID MUSHROOMS (Pure Psilocybin Extract) No Nausea Faster Trip,Jul 25 2019,TripWithScience,2,100.0%,0,0,2,1,1,303, 2 ,Unlimited,no,19.95 USD,0.00169310 BTC 
158,Aug 05 2019,#17172,Drugs,Benzodiazepines,25 Etizolzam 1mg tabs. Generics. FE Only,Jul 27 2019,MedIndia,2,100.0%,0,0,1,1,2,219, 0 ,Unlimited,no,9.12 USD,0.00077406 BTC 
159,Aug 05 2019,#17256,Drugs,Cannabis & Hashish,CANNABIS CAPSULES - 17.5mg THC - SATIVA - 25 caps,Jul 28 2019,KINDercare,2,100.0%,0,0,0,1,2,189, 0 ,Unlimited,no,40.00 USD,0.00339469 BTC 
160,Aug 05 2019,#17653,Drugs,Opiates,3.5g AFGHAN HEROIN - UK FREE NEXT DAY DELIVERY &#xA3180,Jul 30 2019,DistrictTEN,2,100.0%,0,1,0,1,2,141, 0 ,Unlimited,no,218.90 USD,0.01857748 BTC 
161,Aug 05 2019,#10488,Drugs,Psychedelic,*** HOW TO MAKE LSD ***,May 26 2019,Howtod3,2,100.0%,1,1,120,1,2,1351, 0 ,Unlimited,no,0.99 USD,0.00008402 BTC 
162,Aug 05 2019,#15003,Drugs,Ecstasy,MDMA Grab Bag Introductory Offer,Jul 08 2019,TravisHnu,2,100.0%,0,0,0,1,1,611, 0 ,20,no,125.00 USD,0.01060840 BTC 
163,Aug 05 2019,#7350,Drugs,Steroids,&#x2605 Test E 250 &#x2605 Made In Germany &#x2605,May 09 2019,MarkKosta1,2,100.0%,0,1,10,1,2,1815, 6 ,30,no,25.00 USD,0.00212168 BTC 
164,Aug 05 2019,#14229,Drugs,Ecstasy,One gram TOP quality Pure (Self Made!) MDMA Zero Cut!,Jun 28 2019,DiazNL,2,100.0%,0,0,2,2,2,545, 0 ,Unlimited,no,19.05 USD,0.00161690 BTC 
165,Aug 05 2019,#17552,Drugs,Cannabis & Hashish,Premium C-Liquid 20ml PURE (AMB-FUBINACA),Jul 29 2019,Greenstone,2,100.0%,0,0,0,1,2,161, 0 ,Unlimited,no,61.64 USD,0.00523114 BTC 
166,Aug 05 2019,#16246,Drugs,Cannabis & Hashish,TOP QUALITY HASH 3.5G ONLY &#xA310,Jul 23 2019,vice,2,100.0%,0,0,2,1,1,289, 0 ,Unlimited,no,14.59 USD,0.00123850 BTC 
167,Aug 05 2019,#17656,Drugs,Ecstasy,100 grams MDMA Crystal for sale,Jul 30 2019,medscentre919,2,100.0%,0,2,4,2,2,153, 1 ,Unlimited,no,200.00 USD,0.01697345 BTC 
168,Aug 05 2019,#13785,Drugs,Stimulants,THEICEMAN&#xB4S FIRE BITCH KILLER METH 1Gram,Jun 24 2019,theiceman33,2,100.0%,0,0,1,1,1,836, 0 ,Unlimited,no,78.45 USD,0.00665781 BTC 
169,Aug 05 2019,#14010,Drugs,Ecstasy,1 gram TOP Quality Dutch Champagne MDMA 84%+++ 10% BONUS LIMITED TIME ONLY!!!,Jun 25 2019,DrugsMakeUSmarter,2,100.0%,0,1,6,1,2,898, 1 ,Unlimited,no,5.59 USD,0.00047461 BTC 
170,Aug 05 2019,#17569,Drugs,Benzodiazepines,XANAX 2MG | REAL ALPRAZOLAM | BEST PRESS IN CANADA,Jul 30 2019,bcdrugs,2,100.0%,0,0,0,2,2,155, 0 ,Unlimited,no,2.00 USD,0.00016973 BTC 
171,Aug 05 2019,#7269,Drugs,Cannabis & Hashish,&#x26051g&#x2605BUBBLE HASH_MALAWI CHOCOLATE&#x2605 very sticky wie Knete,May 01 2019,NoLimits187,2,100.0%,0,2,48,1,1,1507, 0 ,30,no,14.57 USD,0.00123645 BTC 
172,Aug 05 2019,#16424,Drugs,Psychedelic,LIQUID MUSHROOMS (Pure Psilocybin Extract) No Nausea Faster Trip,Jul 25 2019,TripWithScience,2,100.0%,0,0,2,1,1,303, 2 ,Unlimited,no,19.95 USD,0.00169310 BTC 
173,Aug 05 2019,#17172,Drugs,Benzodiazepines,25 Etizolzam 1mg tabs. Generics. FE Only,Jul 27 2019,MedIndia,2,100.0%,0,0,1,1,2,219, 0 ,Unlimited,no,9.12 USD,0.00077406 BTC 
174,Aug 05 2019,#17256,Drugs,Cannabis & Hashish,CANNABIS CAPSULES - 17.5mg THC - SATIVA - 25 caps,Jul 28 2019,KINDercare,2,100.0%,0,0,0,1,2,189, 0 ,Unlimited,no,40.00 USD,0.00339469 BTC 
175,Aug 05 2019,#17653,Drugs,Opiates,3.5g AFGHAN HEROIN - UK FREE NEXT DAY DELIVERY &#xA3180,Jul 30 2019,DistrictTEN,2,100.0%,0,1,0,1,2,141, 0 ,Unlimited,no,218.90 USD,0.01857748 BTC 
176,Aug 05 2019,#10488,Drugs,Psychedelic,*** HOW TO MAKE LSD ***,May 26 2019,Howtod3,2,100.0%,1,1,120,1,2,1351, 0 ,Unlimited,no,0.99 USD,0.00008402 BTC 
177,Aug 05 2019,#15003,Drugs,Ecstasy,MDMA Grab Bag Introductory Offer,Jul 08 2019,TravisHnu,2,100.0%,0,0,0,1,1,611, 0 ,20,no,125.00 USD,0.01060840 BTC 
178,Aug 05 2019,#7350,Drugs,Steroids,&#x2605 Test E 250 &#x2605 Made In Germany &#x2605,May 09 2019,MarkKosta1,2,100.0%,0,1,10,1,2,1815, 6 ,30,no,25.00 USD,0.00212168 BTC 
179,Aug 05 2019,#14229,Drugs,Ecstasy,One gram TOP quality Pure (Self Made!) MDMA Zero Cut!,Jun 28 2019,DiazNL,2,100.0%,0,0,2,2,2,545, 0 ,Unlimited,no,19.05 USD,0.00161690 BTC 
180,Aug 05 2019,#17552,Drugs,Cannabis & Hashish,Premium C-Liquid 20ml PURE (AMB-FUBINACA),Jul 29 2019,Greenstone,2,100.0%,0,0,0,1,2,161, 0 ,Unlimited,no,61.64 USD,0.00523114 BTC 
181,Aug 05 2019,#16246,Drugs,Cannabis & Hashish,TOP QUALITY HASH 3.5G ONLY &#xA310,Jul 23 2019,vice,2,100.0%,0,0,2,1,1,289, 0 ,Unlimited,no,14.59 USD,0.00123850 BTC 
182,Aug 05 2019,#17656,Drugs,Ecstasy,100 grams MDMA Crystal for sale,Jul 30 2019,medscentre919,2,100.0%,0,2,4,2,2,153, 1 ,Unlimited,no,200.00 USD,0.01697345 BTC 
183,Aug 05 2019,#17446,Drugs,Benzodiazepines,10 x 1mg Pharma Etizolam,Jul 29 2019,JustDoItUK,2,100.0%,0,1,4,1,1,166, 0 ,Unlimited,no,7.90 USD,0.00067085 BTC 
184,Aug 05 2019,#17538,Drugs,Benzodiazepines,2mg XANAX BARS *Strong* x100,Jul 29 2019,georgejung999,2,100.0%,0,0,0,1,1,149, 0 ,Unlimited,no,42.56 USD,0.00361229 BTC 
185,Aug 05 2019,#14931,Drugs,Opiates,*SUPER SALE* 7 x SUBUTEX (BUPRENORPHINE) 8mg ORIGINAL by INDIVIOR,Jul 06 2019,yahweh,2,100.0%,0,0,2,1,1,666, 0 ,Unlimited,no,112.06 USD,0.00951020 BTC 
186,Aug 05 2019,#6643,Drugs,Cannabis & Hashish,AMNESIA HAZE 28G,Jan 15 2019,tereifer,2,100.0%,0,1,1,2,2,1452, 1 ,100,no,100.86 USD,0.00856004 BTC 
187,Aug 05 2019,#17806,Drugs,Cannabis & Hashish,5Grams Girl Scout Cookies AA+ Indoor,Jul 31 2019,GanjaFarm,2,100.0%,0,0,0,1,2,125, 0 ,Unlimited,no,44.83 USD,0.00380446 BTC 
188,Aug 05 2019,#17441,Drugs,Psychedelic,10x &quotSouth Park&quot LSD Blotter 100ug,Jul 29 2019,GermanDutchTeam,2,100.0%,0,0,1,2,2,187, 0 ,Unlimited,no,39.22 USD,0.00332890 BTC 
189,Aug 05 2019,#15015,Drugs,Stimulants,**SALE** 1G COLOMBIAN BRICK COCAINE HIGH PURITY,Jul 08 2019,globalcokeuk,2,100.0%,0,0,2,1,2,600, 1 ,Unlimited,no,75.00 USD,0.00636504 BTC 
190,Aug 05 2019,#17858,Drugs,Cannabis & Hashish,1g AC / DC Very Potent Hybrid,Aug 01 2019,aussiemedic,2,100.0%,0,0,0,1,1,111, 0 ,Unlimited,no,16.91 USD,0.00143482 BTC 
191,Aug 05 2019,#15126,Drugs,Stimulants,0.5 grams Normal Amphetamine Paste,Jul 11 2019,NightlifeKings,2,100.0%,0,0,2,1,1,578, 0 ,Unlimited,no,3.36 USD,0.00028533 BTC 
192,Aug 05 2019,#17556,Drugs,Benzodiazepines,Etizolam PEZ 2mg Candies (40 Count),Jul 29 2019,Tranquiltreats,2,100.0%,0,0,0,1,1,167, 0 ,Unlimited,no,35.00 USD,0.00297035 BTC 
193,Aug 05 2019,#16659,Drugs,Cannabis & Hashish,WTF 10GRAMS Spice K2 Herbal Incense,Jul 26 2019,SpiceSpiceBaby,2,100.0%,0,0,1,1,1,253, 0 ,Unlimited,no,44.99 USD,0.00381818 BTC 
194,Aug 05 2019,#9909,Drugs,Cannabis & Hashish,VERTEX 350mAM BATTERY CHARGER KIT X 1PC *BLACK COLOR*,May 23 2019,California420Service,2,100.0%,0,2,14,2,2,1308, 0 ,10,no,12.99 USD,0.00110243 BTC 
195,Aug 05 2019,#13984,Drugs,Opiates,Oxycodone,Jun 25 2019,thopher,2,100.0%,0,1,4,2,2,818, 0 ,Unlimited,no,15.00 USD,0.00127301 BTC 
196,Aug 05 2019,#12648,Drugs,Stimulants,60 X 2.5mg Dexamphetamine,Jun 14 2019,ezinpharma,2,100.0%,0,0,0,1,2,1017, 0 ,Unlimited,no,115.00 USD,0.00975973 BTC 
197,Aug 05 2019,#12691,Drugs,Cannabis & Hashish,0.5g Gorilla Glue,Jun 14 2019,Pygmalion,2,100.0%,0,0,5,1,1,1028, 1 ,Unlimited,no,6.72 USD,0.00057031 BTC 
198,Aug 05 2019,#17803,Drugs,Cannabis & Hashish,1g Platinum,Jul 31 2019,shroomking,2,100.0%,0,0,0,1,2,99, 0 ,100,no,7.00 USD,0.00059407 BTC 
199,Aug 05 2019,#16516,Drugs,Ecstasy,1 gram mdma,Jul 25 2019,UrbanShamans,2,100.0%,0,0,2,1,1,245, 0 ,Unlimited,no,8.97 USD,0.00076089 BTC 
200,Aug 05 2019,#13460,Drugs,Psychedelic,2000mg HIGH QUALITY WHITE NN-DMT FREE SHIPPING,Jun 17 2019,PUREMEDICINEHOUSE,2,100.0%,0,0,1,1,2,459, 0 ,Unlimited,no,122.00 USD,0.01035380 BTC 
201,Aug 05 2019,#17570,Drugs,Cannabis & Hashish,50g Amnesia Haze,Jul 30 2019,GreenSupreme,2,100.0%,0,1,3,1,1,168, 0 ,Unlimited,no,616.39 USD,0.05231135 BTC 
202,Aug 05 2019,#17446,Drugs,Benzodiazepines,10 x 1mg Pharma Etizolam,Jul 29 2019,JustDoItUK,2,100.0%,0,1,4,1,1,166, 0 ,Unlimited,no,7.90 USD,0.00067085 BTC 
203,Aug 05 2019,#17538,Drugs,Benzodiazepines,2mg XANAX BARS *Strong* x100,Jul 29 2019,georgejung999,2,100.0%,0,0,0,1,1,149, 0 ,Unlimited,no,42.56 USD,0.00361229 BTC 
204,Aug 05 2019,#14931,Drugs,Opiates,*SUPER SALE* 7 x SUBUTEX (BUPRENORPHINE) 8mg ORIGINAL by INDIVIOR,Jul 06 2019,yahweh,2,100.0%,0,0,2,1,1,666, 0 ,Unlimited,no,112.06 USD,0.00951020 BTC 
205,Aug 05 2019,#6643,Drugs,Cannabis & Hashish,AMNESIA HAZE 28G,Jan 15 2019,tereifer,2,100.0%,0,1,1,2,2,1452, 1 ,100,no,100.86 USD,0.00856004 BTC 
206,Aug 05 2019,#17806,Drugs,Cannabis & Hashish,5Grams Girl Scout Cookies AA+ Indoor,Jul 31 2019,GanjaFarm,2,100.0%,0,0,0,1,2,125, 0 ,Unlimited,no,44.83 USD,0.00380446 BTC 
207,Aug 05 2019,#17441,Drugs,Psychedelic,10x &quotSouth Park&quot LSD Blotter 100ug,Jul 29 2019,GermanDutchTeam,2,100.0%,0,0,1,2,2,187, 0 ,Unlimited,no,39.22 USD,0.00332890 BTC 
208,Aug 05 2019,#15015,Drugs,Stimulants,**SALE** 1G COLOMBIAN BRICK COCAINE HIGH PURITY,Jul 08 2019,globalcokeuk,2,100.0%,0,0,2,1,2,600, 1 ,Unlimited,no,75.00 USD,0.00636504 BTC 
209,Aug 05 2019,#17858,Drugs,Cannabis & Hashish,1g AC / DC Very Potent Hybrid,Aug 01 2019,aussiemedic,2,100.0%,0,0,0,1,1,111, 0 ,Unlimited,no,16.91 USD,0.00143482 BTC 
210,Aug 05 2019,#15126,Drugs,Stimulants,0.5 grams Normal Amphetamine Paste,Jul 11 2019,NightlifeKings,2,100.0%,0,0,2,1,1,578, 0 ,Unlimited,no,3.36 USD,0.00028533 BTC 
211,Aug 05 2019,#17556,Drugs,Benzodiazepines,Etizolam PEZ 2mg Candies (40 Count),Jul 29 2019,Tranquiltreats,2,100.0%,0,0,0,1,1,167, 0 ,Unlimited,no,35.00 USD,0.00297035 BTC 
212,Aug 05 2019,#16659,Drugs,Cannabis & Hashish,WTF 10GRAMS Spice K2 Herbal Incense,Jul 26 2019,SpiceSpiceBaby,2,100.0%,0,0,1,1,1,253, 0 ,Unlimited,no,44.99 USD,0.00381818 BTC 
213,Aug 05 2019,#9909,Drugs,Cannabis & Hashish,VERTEX 350mAM BATTERY CHARGER KIT X 1PC *BLACK COLOR*,May 23 2019,California420Service,2,100.0%,0,2,14,2,2,1308, 0 ,10,no,12.99 USD,0.00110243 BTC 
214,Aug 05 2019,#13984,Drugs,Opiates,Oxycodone,Jun 25 2019,thopher,2,100.0%,0,1,4,2,2,818, 0 ,Unlimited,no,15.00 USD,0.00127301 BTC 
215,Aug 05 2019,#12648,Drugs,Stimulants,60 X 2.5mg Dexamphetamine,Jun 14 2019,ezinpharma,2,100.0%,0,0,0,1,2,1017, 0 ,Unlimited,no,115.00 USD,0.00975973 BTC 
216,Aug 05 2019,#12691,Drugs,Cannabis & Hashish,0.5g Gorilla Glue,Jun 14 2019,Pygmalion,2,100.0%,0,0,5,1,1,1028, 1 ,Unlimited,no,6.72 USD,0.00057031 BTC 
217,Aug 05 2019,#17803,Drugs,Cannabis & Hashish,1g Platinum,Jul 31 2019,shroomking,2,100.0%,0,0,0,1,2,99, 0 ,100,no,7.00 USD,0.00059407 BTC 
218,Aug 05 2019,#16516,Drugs,Ecstasy,1 gram mdma,Jul 25 2019,UrbanShamans,2,100.0%,0,0,2,1,1,245, 0 ,Unlimited,no,8.97 USD,0.00076089 BTC 
219,Aug 05 2019,#13460,Drugs,Psychedelic,2000mg HIGH QUALITY WHITE NN-DMT FREE SHIPPING,Jun 17 2019,PUREMEDICINEHOUSE,2,100.0%,0,0,1,1,2,459, 0 ,Unlimited,no,122.00 USD,0.01035380 BTC 
220,Aug 05 2019,#17570,Drugs,Cannabis & Hashish,50g Amnesia Haze,Jul 30 2019,GreenSupreme,2,100.0%,0,1,3,1,1,168, 0 ,Unlimited,no,616.39 USD,0.05231135 BTC 
221,Aug 05 2019,#14768,Drugs,Opiates,Tramadol 200mg --- 100 pills for $75,Jul 02 2019,Apollopharmacy,2,100.0%,0,1,5,1,1,718, 0 ,Unlimited,no,75.00 USD,0.00636504 BTC 
222,Aug 05 2019,#16350,Drugs,Benzodiazepines,3 X 2mg XANAX 100% ALPRAZOLAM  USA PHARMACY (SALE ONLY 8/5 TO 8/15) {3 DAY FREE SHIPPING},Jul 24 2019,ewok2526,2,100.0%,0,1,11,1,2,307, 2 ,Unlimited,no,10.00 USD,0.00084867 BTC 
223,Aug 05 2019,#7388,Drugs,Stimulants,Making crack cocaine with sodium bicarbonate,May 09 2019,Hackyboy,2,100.0%,0,0,26,1,1,784, 0 ,Unlimited,no,3.00 USD,0.00025460 BTC 
224,Aug 05 2019,#12363,Drugs,Benzodiazepines,1000x 2MG xanax bars,Jun 10 2019,happy-shopper,2,100.0%,0,0,0,1,1,668, 0 ,Unlimited,no,364.83 USD,0.03096247 BTC 
225,Aug 05 2019,#13559,Drugs,Cannabis & Hashish,SALE Award Winning Tincture high THC 800 mg,Jun 19 2019,Medicalgreens,2,100.0%,1,3,52,1,1,993, 0 ,3,no,35.00 USD,0.00297035 BTC 
226,Aug 05 2019,#17635,Drugs,Cannabis & Hashish,&#x2B50&#x2B50&#x2605BIG KUSH &#x2605&#x2B50&#x2B50 3.5 grams &#x2B50 EXPRESS / STANDARD / ENEVELOPE / SATCHEL,Jul 30 2019,realfknhigh,2,100.0%,0,0,1,1,1,159, 0 ,9,no,50.00 USD,0.00424336 BTC 
227,Aug 05 2019,#16766,Drugs,Stimulants,2,Jul 26 2019,Reloaded,2,100.0%,Moderator,Moderator,0,Moderator,Moderator,249, 1 ,Unlimited,no,2.24 USD,0.00019022 BTC 
228,Aug 05 2019,#18158,Drugs,Prescriptions,Zopiclone 7.5mg x 10,Aug 04 2019,UKnootropix,2,100.0%,0,0,0,1,1,50, 0 ,36,no,12.16 USD,0.00103208 BTC 
229,Aug 05 2019,#9485,Drugs,Psychedelic,Psilocybe Cubensis Magic Mushrooms 3.5g,May 21 2019,AshWilliams,2,100.0%,0,1,7,1,2,1309, 1 ,Unlimited,no,13.90 USD,0.00117965 BTC 
230,Aug 05 2019,#17877,Drugs,Stimulants,1 gram SPEED-PASTE 72% HQ,Aug 01 2019,speedygonzalez,2,100.0%,0,0,0,1,2,104, 0 ,Unlimited,no,8.97 USD,0.00076089 BTC 
231,Aug 05 2019,#7839,Drugs,Cannabis & Hashish,10 Gr Kashmir hash,May 13 2019,Neolytik,2,100.0%,0,0,1,1,1,1396, 0 ,Unlimited,no,84.05 USD,0.00713337 BTC 
232,Aug 05 2019,#6575,Drugs,Cannabis & Hashish,1G KETAMA SPUTNIK - HQ,Dec 11 2018,The_Scurvy_Crew,2,100.0%,0,1,6,1,2,1797, 1 ,Unlimited,no,11.20 USD,0.00095051 BTC 
233,Aug 05 2019,#16824,Drugs,Cannabis & Hashish,**Iranian ChemDawg Lils**  $45/ounce WT,Jul 26 2019,Thc.ltd,2,100.0%,0,1,3,1,2,302, 2 ,12,no,45.00 USD,0.00381903 BTC 
234,Aug 05 2019,#12305,Drugs,Psychedelic,1g of 2C-B Hydrochloride salt,Jun 09 2019,UnclePsychedelic,2,100.0%,0,1,3,1,1,1249, 1 ,Unlimited,no,115.00 USD,0.00975973 BTC 
235,Aug 05 2019,#7572,Drugs,Psychedelic,350 MG PURE MESCALINE FROM ALEXANDER SHULGIN,May 11 2019,ShulginAlex,2,100.0%,0,1,5,2,2,1614, 1 ,Unlimited,no,30.00 USD,0.00254602 BTC 
236,Aug 05 2019,#14768,Drugs,Opiates,Tramadol 200mg --- 100 pills for $75,Jul 02 2019,Apollopharmacy,2,100.0%,0,1,5,1,1,718, 0 ,Unlimited,no,75.00 USD,0.00636504 BTC 
237,Aug 05 2019,#16350,Drugs,Benzodiazepines,3 X 2mg XANAX 100% ALPRAZOLAM  USA PHARMACY (SALE ONLY 8/5 TO 8/15) {3 DAY FREE SHIPPING},Jul 24 2019,ewok2526,2,100.0%,0,1,11,1,2,307, 2 ,Unlimited,no,10.00 USD,0.00084867 BTC 
238,Aug 05 2019,#7388,Drugs,Stimulants,Making crack cocaine with sodium bicarbonate,May 09 2019,Hackyboy,2,100.0%,0,0,26,1,1,784, 0 ,Unlimited,no,3.00 USD,0.00025460 BTC 
239,Aug 05 2019,#12363,Drugs,Benzodiazepines,1000x 2MG xanax bars,Jun 10 2019,happy-shopper,2,100.0%,0,0,0,1,1,668, 0 ,Unlimited,no,364.83 USD,0.03096247 BTC 
240,Aug 05 2019,#13559,Drugs,Cannabis & Hashish,SALE Award Winning Tincture high THC 800 mg,Jun 19 2019,Medicalgreens,2,100.0%,1,3,52,1,1,993, 0 ,3,no,35.00 USD,0.00297035 BTC 
241,Aug 05 2019,#17635,Drugs,Cannabis & Hashish,&#x2B50&#x2B50&#x2605BIG KUSH &#x2605&#x2B50&#x2B50 3.5 grams &#x2B50 EXPRESS / STANDARD / ENEVELOPE / SATCHEL,Jul 30 2019,realfknhigh,2,100.0%,0,0,1,1,1,159, 0 ,9,no,50.00 USD,0.00424336 BTC 
242,Aug 05 2019,#16766,Drugs,Stimulants,2,Jul 26 2019,Reloaded,2,100.0%,Moderator,Moderator,0,Moderator,Moderator,249, 1 ,Unlimited,no,2.24 USD,0.00019022 BTC 
243,Aug 05 2019,#18158,Drugs,Prescriptions,Zopiclone 7.5mg x 10,Aug 04 2019,UKnootropix,2,100.0%,0,0,0,1,1,50, 0 ,36,no,12.16 USD,0.00103208 BTC 
244,Aug 05 2019,#9485,Drugs,Psychedelic,Psilocybe Cubensis Magic Mushrooms 3.5g,May 21 2019,AshWilliams,2,100.0%,0,1,7,1,2,1309, 1 ,Unlimited,no,13.90 USD,0.00117965 BTC 
245,Aug 05 2019,#17877,Drugs,Stimulants,1 gram SPEED-PASTE 72% HQ,Aug 01 2019,speedygonzalez,2,100.0%,0,0,0,1,2,104, 0 ,Unlimited,no,8.97 USD,0.00076089 BTC 
246,Aug 05 2019,#7839,Drugs,Cannabis & Hashish,10 Gr Kashmir hash,May 13 2019,Neolytik,2,100.0%,0,0,1,1,1,1396, 0 ,Unlimited,no,84.05 USD,0.00713337 BTC 
247,Aug 05 2019,#6575,Drugs,Cannabis & Hashish,1G KETAMA SPUTNIK - HQ,Dec 11 2018,The_Scurvy_Crew,2,100.0%,0,1,6,1,2,1797, 1 ,Unlimited,no,11.20 USD,0.00095051 BTC 
248,Aug 05 2019,#16824,Drugs,Cannabis & Hashish,**Iranian ChemDawg Lils**  $45/ounce WT,Jul 26 2019,Thc.ltd,2,100.0%,0,1,3,1,2,302, 2 ,12,no,45.00 USD,0.00381903 BTC 
249,Aug 05 2019,#12305,Drugs,Psychedelic,1g of 2C-B Hydrochloride salt,Jun 09 2019,UnclePsychedelic,2,100.0%,0,1,3,1,1,1249, 1 ,Unlimited,no,115.00 USD,0.00975973 BTC 
250,Aug 05 2019,#7572,Drugs,Psychedelic,350 MG PURE MESCALINE FROM ALEXANDER SHULGIN,May 11 2019,ShulginAlex,2,100.0%,0,1,5,2,2,1614, 1 ,Unlimited,no,30.00 USD,0.00254602 BTC 
251,Aug 05 2019,#15602,Drugs,Cannabis & Hashish,SALE!! 1G Critical Kush Sample FREE SHIPPING,Jul 20 2019,weedhunter,2,100.0%,0,2,18,2,2,381, 5 ,0,no,5.60 USD,0.00047556 BTC 
252,Aug 05 2019,#11795,Drugs,Cannabis & Hashish,2.5 gram *Amnesia Haze* Top-shelf Hash,Jun 04 2019,Satronica,2,100.0%,0,0,1,1,1,312, 0 ,Unlimited,no,30.82 USD,0.00261557 BTC 
253,Aug 05 2019,#16250,Drugs,Cannabis & Hashish,One pound of Gelato #41,Jul 23 2019,bitcoinbanditz,2,100.0%,0,0,0,1,2,273, 0 ,Unlimited,no,1850.00 USD,0.15700439 BTC 
254,Aug 05 2019,#11344,Drugs,Stimulants,1 x Vyvanse 40mg (2-3 Day Shipping!),Jun 01 2019,fatassgbs123,2,100.0%,0,0,1,2,2,281, 0 ,53,no,24.99 USD,0.00212083 BTC 
255,Aug 05 2019,#16922,Drugs,Ecstasy,28G Champagne MDMA 87% | LAB TESTED | NDD,Jul 26 2019,RoyalMailUK,2,100.0%,0,0,0,1,1,211, 0 ,Unlimited,no,299.95 USD,0.02545593 BTC 
256,Aug 05 2019,#16758,Drugs,Cannabis & Hashish,&#x2714 1 GRAM WEED or HASH TRY OUT! 6 Euro !,Jul 26 2019,TheGrassCompany,2,100.0%,0,0,2,1,1,225, 1 ,Unlimited,no,6.72 USD,0.00057067 BTC 
257,Aug 05 2019,#14303,Drugs,Cannabis & Hashish,WEED Zombie OG (Indica),Jun 29 2019,makekota,2,100.0%,0,0,0,1,2,665, 0 ,Unlimited,no,78.00 USD,0.00661964 BTC 
258,Aug 05 2019,#18199,Drugs,Stimulants,Blue Magic Pure 0.5g Uncut Cocaine 100% Coke Straight from Brick,Aug 05 2019,bluemagic,1,100.0%,0,0,0,1,1,40, 0 ,Unlimited,no,48.64 USD,0.00412833 BTC 
259,Aug 05 2019,#7309,Drugs,Cannabis & Hashish,30ml of 5F-MDMB-2201 C-Liquid,May 05 2019,Logitecher,2,100.0%,0,0,2,1,2,1294, 2 ,Unlimited,no,28.02 USD,0.00237779 BTC 
260,Aug 05 2019,#17706,Drugs,Other,Viagra SLIDAMAX 100mg  NDD,Jul 31 2019,UPSworldwide,2,100.0%,0,0,0,1,2,148, 0 ,Unlimited,no,8.50 USD,0.00072137 BTC 
261,Aug 05 2019,#17205,Drugs,Benzodiazepines,50 Pfizer Xanax 4mg,Jul 28 2019,PenileFractures,2,100.0%,0,1,2,1,1,146, 1 ,Unlimited,no,83.00 USD,0.00704398 BTC 
262,Aug 05 2019,#12077,Drugs,Prescriptions,Modafinil (Modalert) 200 MG x 10 tablets,Jun 05 2019,Gfellas,2,100.0%,0,1,12,1,1,1259, 0 ,Unlimited,no,12.16 USD,0.00103208 BTC 
263,Aug 05 2019,#18197,Drugs,Cannabis & Hashish,3.5g Silver Haze Light Dep,Aug 04 2019,StrainPirate,2,100.0%,0,0,0,1,1,39, 0 ,Unlimited,no,30.00 USD,0.00254602 BTC 
264,Aug 05 2019,#17910,Drugs,Psychedelic,10x voidrhelm 105mcg,Aug 01 2019,dboym,2,100.0%,0,0,0,1,2,100, 0 ,Unlimited,no,60.00 USD,0.00509203 BTC 
265,Aug 05 2019,#16146,Drugs,Cannabis & Hashish,Liters of THC Distillates 95.25% THC,Jul 22 2019,thcgrower,2,100.0%,0,2,6,2,2,382, 1 ,Unlimited,no,6.00 USD,0.00050920 BTC 
266,Aug 05 2019,#16485,Drugs,Cannabis & Hashish,Northern Lights 50g,Jul 25 2019,koko44,2,100.0%,0,0,0,1,2,308, 0 ,3,no,280.18 USD,0.02377789 BTC 
267,Aug 05 2019,#10940,Drugs,Ecstasy, HQ Dutch MDMA - Denmark to Europe!,May 29 2019,DanishDelight,2,100.0%,0,0,0,1,2,938, 0 ,4,no,33.62 USD,0.00285335 BTC 
268,Aug 05 2019,#13060,Drugs,Weight loss,Ephedrine Hcl 20mg x 50 Tablets (Weight Loss),Jun 16 2019,monoko,2,100.0%,1,3,120,1,1,1111, 0 ,Unlimited,no,15.80 USD,0.00134067 BTC 
269,Aug 05 2019,#17949,Drugs,Cannabis & Hashish,10x10mg Canna Cubes (Cola),Aug 02 2019,terrorpin,2,100.0%,0,0,0,1,1,95, 0 ,10,no,10.00 USD,0.00084867 BTC 
270,Aug 05 2019,#17490,Drugs,Ecstasy,3.5 GRAMS OF DUTCH MDMA FREE SAME DAY PRIORITY SHIPPING,Jul 29 2019,clockwerk,2,100.0%,0,0,0,1,1,147, 0 ,Unlimited,no,100.00 USD,0.00848672 BTC 
271,Aug 05 2019,#17759,Drugs,Stimulants,PROMO! 05Gr AAA+ Cocaine 89%+ Fishscale ,Jul 31 2019,Rotterdamus,2,100.0%,0,0,0,1,1,169, 0 ,40,no,28.02 USD,0.00237779 BTC 
272,Aug 05 2019,#7594,Drugs,Stimulants,**PERUVIAN COKE** 0.4g | &#xA340.00** FREE UK-NDD,May 13 2019,VanillaSurf,2,100.0%,0,2,41,1,1,1531, 1 ,Unlimited,no,48.64 USD,0.00412833 BTC 
273,Aug 05 2019,#10366,Drugs,Psychedelic,1 gr Diethyltriptamine DET &#x201Cpharmahuasca&#x201D,May 25 2019,boomshankar,2,100.0%,0,0,13,1,2,1324, 0 ,Unlimited,no,110.00 USD,0.00933540 BTC 
274,Aug 05 2019,#12563,Drugs,Cannabis & Hashish,DURBAN POISON (20g),Jun 13 2019,revenantchild,2,100.0%,0,0,0,1,1,1092, 0 ,20,no,120.00 USD,0.01018407 BTC 
275,Aug 05 2019,#18276,Drugs,Psychedelic,50 x 105ug LSD Blotters,Aug 05 2019,instrument,1,100.0%,0,0,0,1,1,24, 0 ,Unlimited,no,130.00 USD,0.01103274 BTC 
276,Aug 05 2019,#16787,Drugs,Opiates,5x Oryginal OxyContin 80mg OC !!,Jul 26 2019,LittleHelper,2,100.0%,0,0,0,2,2,233, 0 ,10,no,145.69 USD,0.01236450 BTC 
277,Aug 05 2019,#17615,Drugs,Psychedelic,150ug Full Sheet LSD (100 tabs) White Diamond,Jul 30 2019,ElectricAvenue,2,100.0%,0,0,2,2,2,152, 0 ,Unlimited,no,325.00 USD,0.02758185 BTC 
278,Aug 05 2019,#10457,Drugs,Stimulants,1G pure colombian cocaine uncut high quality 85%,May 26 2019,Push-King,2,100.0%,0,0,0,1,1,597, 0 ,Unlimited,no,72.85 USD,0.00618225 BTC 
279,Aug 05 2019,#11689,Drugs,Steroids,Sustanon 250mg/ml,Jun 03 2019,arleurope,2,100.0%,0,0,2,2,2,1295, 0 ,Unlimited,no,26.25 USD,0.00222776 BTC 
280,Aug 05 2019,#12560,Drugs,Stimulants,SALE** 1G 90% MESSI A COLOMBIAN COCAINE**UK-NEXT DAY DELIVERY**,Jun 13 2019,gbmessicocaine,2,100.0%,0,2,11,1,1,1138, 4 ,Unlimited,no,72.97 USD,0.00619249 BTC 
281,Aug 05 2019,#15602,Drugs,Cannabis & Hashish,SALE!! 1G Critical Kush Sample FREE SHIPPING,Jul 20 2019,weedhunter,2,100.0%,0,2,18,2,2,381, 5 ,0,no,5.60 USD,0.00047556 BTC 
282,Aug 05 2019,#11795,Drugs,Cannabis & Hashish,2.5 gram *Amnesia Haze* Top-shelf Hash,Jun 04 2019,Satronica,2,100.0%,0,0,1,1,1,312, 0 ,Unlimited,no,30.82 USD,0.00261557 BTC 
283,Aug 05 2019,#16250,Drugs,Cannabis & Hashish,One pound of Gelato #41,Jul 23 2019,bitcoinbanditz,2,100.0%,0,0,0,1,2,273, 0 ,Unlimited,no,1850.00 USD,0.15700439 BTC 
284,Aug 05 2019,#11344,Drugs,Stimulants,1 x Vyvanse 40mg (2-3 Day Shipping!),Jun 01 2019,fatassgbs123,2,100.0%,0,0,1,2,2,281, 0 ,53,no,24.99 USD,0.00212083 BTC 
285,Aug 05 2019,#16922,Drugs,Ecstasy,28G Champagne MDMA 87% | LAB TESTED | NDD,Jul 26 2019,RoyalMailUK,2,100.0%,0,0,0,1,1,211, 0 ,Unlimited,no,299.95 USD,0.02545593 BTC 
286,Aug 05 2019,#16758,Drugs,Cannabis & Hashish,&#x2714 1 GRAM WEED or HASH TRY OUT! 6 Euro !,Jul 26 2019,TheGrassCompany,2,100.0%,0,0,2,1,1,225, 1 ,Unlimited,no,6.72 USD,0.00057067 BTC 
287,Aug 05 2019,#14303,Drugs,Cannabis & Hashish,WEED Zombie OG (Indica),Jun 29 2019,makekota,2,100.0%,0,0,0,1,2,665, 0 ,Unlimited,no,78.00 USD,0.00661964 BTC 
288,Aug 05 2019,#18199,Drugs,Stimulants,Blue Magic Pure 0.5g Uncut Cocaine 100% Coke Straight from Brick,Aug 05 2019,bluemagic,1,100.0%,0,0,0,1,1,40, 0 ,Unlimited,no,48.64 USD,0.00412833 BTC 
289,Aug 05 2019,#7309,Drugs,Cannabis & Hashish,30ml of 5F-MDMB-2201 C-Liquid,May 05 2019,Logitecher,2,100.0%,0,0,2,1,2,1294, 2 ,Unlimited,no,28.02 USD,0.00237779 BTC 
290,Aug 05 2019,#17706,Drugs,Other,Viagra SLIDAMAX 100mg  NDD,Jul 31 2019,UPSworldwide,2,100.0%,0,0,0,1,2,148, 0 ,Unlimited,no,8.50 USD,0.00072137 BTC 
291,Aug 05 2019,#17205,Drugs,Benzodiazepines,50 Pfizer Xanax 4mg,Jul 28 2019,PenileFractures,2,100.0%,0,1,2,1,1,146, 1 ,Unlimited,no,83.00 USD,0.00704398 BTC 
292,Aug 05 2019,#12077,Drugs,Prescriptions,Modafinil (Modalert) 200 MG x 10 tablets,Jun 05 2019,Gfellas,2,100.0%,0,1,12,1,1,1259, 0 ,Unlimited,no,12.16 USD,0.00103208 BTC 
293,Aug 05 2019,#18197,Drugs,Cannabis & Hashish,3.5g Silver Haze Light Dep,Aug 04 2019,StrainPirate,2,100.0%,0,0,0,1,1,39, 0 ,Unlimited,no,30.00 USD,0.00254602 BTC 
294,Aug 05 2019,#17910,Drugs,Psychedelic,10x voidrhelm 105mcg,Aug 01 2019,dboym,2,100.0%,0,0,0,1,2,100, 0 ,Unlimited,no,60.00 USD,0.00509203 BTC 
295,Aug 05 2019,#16146,Drugs,Cannabis & Hashish,Liters of THC Distillates 95.25% THC,Jul 22 2019,thcgrower,2,100.0%,0,2,6,2,2,382, 1 ,Unlimited,no,6.00 USD,0.00050920 BTC 
296,Aug 05 2019,#16485,Drugs,Cannabis & Hashish,Northern Lights 50g,Jul 25 2019,koko44,2,100.0%,0,0,0,1,2,308, 0 ,3,no,280.18 USD,0.02377789 BTC 
297,Aug 05 2019,#10940,Drugs,Ecstasy, HQ Dutch MDMA - Denmark to Europe!,May 29 2019,DanishDelight,2,100.0%,0,0,0,1,2,938, 0 ,4,no,33.62 USD,0.00285335 BTC 
298,Aug 05 2019,#13060,Drugs,Weight loss,Ephedrine Hcl 20mg x 50 Tablets (Weight Loss),Jun 16 2019,monoko,2,100.0%,1,3,120,1,1,1111, 0 ,Unlimited,no,15.80 USD,0.00134067 BTC 
299,Aug 05 2019,#17949,Drugs,Cannabis & Hashish,10x10mg Canna Cubes (Cola),Aug 02 2019,terrorpin,2,100.0%,0,0,0,1,1,95, 0 ,10,no,10.00 USD,0.00084867 BTC 
300,Aug 05 2019,#17490,Drugs,Ecstasy,3.5 GRAMS OF DUTCH MDMA FREE SAME DAY PRIORITY SHIPPING,Jul 29 2019,clockwerk,2,100.0%,0,0,0,1,1,147, 0 ,Unlimited,no,100.00 USD,0.00848672 BTC 
301,Aug 05 2019,#17759,Drugs,Stimulants,PROMO! 05Gr AAA+ Cocaine 89%+ Fishscale ,Jul 31 2019,Rotterdamus,2,100.0%,0,0,0,1,1,169, 0 ,40,no,28.02 USD,0.00237779 BTC 
302,Aug 05 2019,#7594,Drugs,Stimulants,**PERUVIAN COKE** 0.4g | &#xA340.00** FREE UK-NDD,May 13 2019,VanillaSurf,2,100.0%,0,2,41,1,1,1531, 1 ,Unlimited,no,48.64 USD,0.00412833 BTC 
303,Aug 05 2019,#10366,Drugs,Psychedelic,1 gr Diethyltriptamine DET &#x201Cpharmahuasca&#x201D,May 25 2019,boomshankar,2,100.0%,0,0,13,1,2,1324, 0 ,Unlimited,no,110.00 USD,0.00933540 BTC 
304,Aug 05 2019,#12563,Drugs,Cannabis & Hashish,DURBAN POISON (20g),Jun 13 2019,revenantchild,2,100.0%,0,0,0,1,1,1092, 0 ,20,no,120.00 USD,0.01018407 BTC 
305,Aug 05 2019,#18276,Drugs,Psychedelic,50 x 105ug LSD Blotters,Aug 05 2019,instrument,1,100.0%,0,0,0,1,1,24, 0 ,Unlimited,no,130.00 USD,0.01103274 BTC 
306,Aug 05 2019,#16787,Drugs,Opiates,5x Oryginal OxyContin 80mg OC !!,Jul 26 2019,LittleHelper,2,100.0%,0,0,0,2,2,233, 0 ,10,no,145.69 USD,0.01236450 BTC 
307,Aug 05 2019,#17615,Drugs,Psychedelic,150ug Full Sheet LSD (100 tabs) White Diamond,Jul 30 2019,ElectricAvenue,2,100.0%,0,0,2,2,2,152, 0 ,Unlimited,no,325.00 USD,0.02758185 BTC 
308,Aug 05 2019,#10457,Drugs,Stimulants,1G pure colombian cocaine uncut high quality 85%,May 26 2019,Push-King,2,100.0%,0,0,0,1,1,597, 0 ,Unlimited,no,72.85 USD,0.00618225 BTC 
309,Aug 05 2019,#11689,Drugs,Steroids,Sustanon 250mg/ml,Jun 03 2019,arleurope,2,100.0%,0,0,2,2,2,1295, 0 ,Unlimited,no,26.25 USD,0.00222776 BTC 
310,Aug 05 2019,#12560,Drugs,Stimulants,SALE** 1G 90% MESSI A COLOMBIAN COCAINE**UK-NEXT DAY DELIVERY**,Jun 13 2019,gbmessicocaine,2,100.0%,0,2,11,1,1,1138, 4 ,Unlimited,no,72.97 USD,0.00619249 BTC 
311,Aug 05 2019,#11931,Drugs,Stimulants,&#x2580&#x2584&#x2580 Pure Dextroamphetamine Instant Release,Jun 05 2019,nzt48givesyouwings,2,100.0%,0,2,10,1,1,1193, 1 ,Unlimited,no,12.47 USD,0.00105829 BTC 
312,Aug 05 2019,#16396,Drugs,Ecstasy,$7 MDMA Capsules @ 150mg each 86% Pure [MAX 2 PER CUSTOMER],Jul 24 2019,yourgirlmolly,2,100.0%,0,0,3,1,1,304, 2 ,Unlimited,no,7.00 USD,0.00059407 BTC 
313,Aug 05 2019,#17889,Drugs,Stimulants,TOP QUALITY PURE SPEED PASTE - 15g,Aug 01 2019,Microsoft,2,100.0%,0,0,0,2,2,184, 0 ,Unlimited,no,53.79 USD,0.00456535 BTC 
314,Aug 05 2019,#17595,Drugs,Stimulants,DISCOUNT 05 gram Cocaine Uncut,Jul 30 2019,CoreBusiness,2,100.0%,0,0,0,1,2,152, 0 ,Unlimited,no,35.86 USD,0.00304357 BTC 
315,Aug 05 2019,#10550,Drugs,Opiates,~~Oxycodon HCL AL 80mg VERY fast Shipping ~~,May 27 2019,OxyGer,2,100.0%,0,0,0,1,1,273, 0 ,100,no,20.17 USD,0.00171201 BTC 
316,Aug 05 2019,#13246,Drugs,Cannabis & Hashish,1G UK EXODUSE CHEESE (NO PGRS),Jun 16 2019,StoneyBizzleFarms,2,100.0%,0,2,46,1,2,1148, 1 ,70,no,12.16 USD,0.00103208 BTC 
317,Aug 05 2019,#17411,Drugs,Cannabis & Hashish,10 AK47 AutoFlower Seeds,Jul 29 2019,wfowfo,2,100.0%,0,0,1,1,2,181, 0 ,Unlimited,no,28.00 USD,0.00237628 BTC 
318,Aug 05 2019,#16472,Drugs,Opiates,**Opening Special - 50 available whilst stocks last** - 5 x 40mg - Oxycodone - Prolonged Release - UK/EU Shipping - &#xA312.99! - FULL ESCROW,Jul 25 2019,kratomukonly,2,100.0%,0,3,37,1,1,322, 4 ,48,no,15.80 USD,0.00134067 BTC 
319,Aug 05 2019,#16303,Drugs,Cannabis & Hashish,5 gr - Super Amnesia PollenHash - FREE SHIPPING WORLDWIDE,Jul 24 2019,swisslaboratory,2,100.0%,0,0,0,1,1,306, 0 ,Unlimited,no,55.00 USD,0.00466770 BTC 
320,Aug 05 2019,#17662,Drugs,Cannabis & Hashish,Northern Lights - 3.5G (&#xA330),Jul 30 2019,UKWeedShop,2,100.0%,0,0,0,1,1,144, 0 ,Unlimited,no,36.48 USD,0.00309625 BTC 
321,Aug 05 2019,#14874,Drugs,Cannabis & Hashish,*PROMOTION* Goodmans Karamell Bonbons / 300mg THC,Jul 04 2019,Saul_Goodman,2,100.0%,0,0,7,1,2,643, 1 ,50,no,11.21 USD,0.00095112 BTC 
322,Aug 05 2019,#14183,Drugs,Stimulants,Pure Columbian Cocaine 1g - AUS ONLY!,Jun 27 2019,kwikc,2,100.0%,0,0,0,1,2,574, 0 ,0,no,169.07 USD,0.01434818 BTC 
323,Aug 05 2019,#15848,Drugs,Stimulants,UNCUTE COCAINE 99.98% PURE ( 10 GRAMS),Jul 21 2019,johnwalker,2,100.0%,0,0,0,2,2,272, 0 ,Unlimited,no,400.00 USD,0.03394690 BTC 
324,Aug 05 2019,#15339,Drugs,Benzodiazepines,Little Blue 10mg Valium x 10 *** JUST PAY SHIPPING ***,Jul 17 2019,MrGrumpy,2,100.0%,0,0,1,1,1,429, 0 ,Unlimited,no,0.01 USD,0.00000103 BTC 
325,Aug 05 2019,#7628,Drugs,Cannabis & Hashish,1.5g Sample Pack of our Strains / Choose out of 12 Strains,May 13 2019,wochris-shop,2,100.0%,1,2,65,1,2,1807, 10 ,Unlimited,no,14.57 USD,0.00123645 BTC 
326,Aug 05 2019,#11931,Drugs,Stimulants,&#x2580&#x2584&#x2580 Pure Dextroamphetamine Instant Release,Jun 05 2019,nzt48givesyouwings,2,100.0%,0,2,10,1,1,1193, 1 ,Unlimited,no,12.47 USD,0.00105829 BTC 
327,Aug 05 2019,#16396,Drugs,Ecstasy,$7 MDMA Capsules @ 150mg each 86% Pure [MAX 2 PER CUSTOMER],Jul 24 2019,yourgirlmolly,2,100.0%,0,0,3,1,1,304, 2 ,Unlimited,no,7.00 USD,0.00059407 BTC 
328,Aug 05 2019,#17889,Drugs,Stimulants,TOP QUALITY PURE SPEED PASTE - 15g,Aug 01 2019,Microsoft,2,100.0%,0,0,0,2,2,184, 0 ,Unlimited,no,53.79 USD,0.00456535 BTC 
329,Aug 05 2019,#17595,Drugs,Stimulants,DISCOUNT 05 gram Cocaine Uncut,Jul 30 2019,CoreBusiness,2,100.0%,0,0,0,1,2,152, 0 ,Unlimited,no,35.86 USD,0.00304357 BTC 
330,Aug 05 2019,#10550,Drugs,Opiates,~~Oxycodon HCL AL 80mg VERY fast Shipping ~~,May 27 2019,OxyGer,2,100.0%,0,0,0,1,1,273, 0 ,100,no,20.17 USD,0.00171201 BTC 
331,Aug 05 2019,#13246,Drugs,Cannabis & Hashish,1G UK EXODUSE CHEESE (NO PGRS),Jun 16 2019,StoneyBizzleFarms,2,100.0%,0,2,46,1,2,1148, 1 ,70,no,12.16 USD,0.00103208 BTC 
332,Aug 05 2019,#17411,Drugs,Cannabis & Hashish,10 AK47 AutoFlower Seeds,Jul 29 2019,wfowfo,2,100.0%,0,0,1,1,2,181, 0 ,Unlimited,no,28.00 USD,0.00237628 BTC 
333,Aug 05 2019,#16472,Drugs,Opiates,**Opening Special - 50 available whilst stocks last** - 5 x 40mg - Oxycodone - Prolonged Release - UK/EU Shipping - &#xA312.99! - FULL ESCROW,Jul 25 2019,kratomukonly,2,100.0%,0,3,37,1,1,322, 4 ,48,no,15.80 USD,0.00134067 BTC 
334,Aug 05 2019,#16303,Drugs,Cannabis & Hashish,5 gr - Super Amnesia PollenHash - FREE SHIPPING WORLDWIDE,Jul 24 2019,swisslaboratory,2,100.0%,0,0,0,1,1,306, 0 ,Unlimited,no,55.00 USD,0.00466770 BTC 
335,Aug 05 2019,#17662,Drugs,Cannabis & Hashish,Northern Lights - 3.5G (&#xA330),Jul 30 2019,UKWeedShop,2,100.0%,0,0,0,1,1,144, 0 ,Unlimited,no,36.48 USD,0.00309625 BTC 
336,Aug 05 2019,#14874,Drugs,Cannabis & Hashish,*PROMOTION* Goodmans Karamell Bonbons / 300mg THC,Jul 04 2019,Saul_Goodman,2,100.0%,0,0,7,1,2,643, 1 ,50,no,11.21 USD,0.00095112 BTC 
337,Aug 05 2019,#14183,Drugs,Stimulants,Pure Columbian Cocaine 1g - AUS ONLY!,Jun 27 2019,kwikc,2,100.0%,0,0,0,1,2,574, 0 ,0,no,169.07 USD,0.01434818 BTC 
338,Aug 05 2019,#15848,Drugs,Stimulants,UNCUTE COCAINE 99.98% PURE ( 10 GRAMS),Jul 21 2019,johnwalker,2,100.0%,0,0,0,2,2,272, 0 ,Unlimited,no,400.00 USD,0.03394690 BTC 
339,Aug 05 2019,#15339,Drugs,Benzodiazepines,Little Blue 10mg Valium x 10 *** JUST PAY SHIPPING ***,Jul 17 2019,MrGrumpy,2,100.0%,0,0,1,1,1,429, 0 ,Unlimited,no,0.01 USD,0.00000103 BTC 
340,Aug 05 2019,#7628,Drugs,Cannabis & Hashish,1.5g Sample Pack of our Strains / Choose out of 12 Strains,May 13 2019,wochris-shop,2,100.0%,1,2,65,1,2,1807, 10 ,Unlimited,no,14.57 USD,0.00123645 BTC 
341,Aug 05 2019,#11794,Drugs,Cannabis & Hashish,sublingual THC oil 1000mg infused into 30 ml coconut oil,Jun 04 2019,portroyal,2,100.0%,0,0,0,1,2,837, 0 ,Unlimited,no,40.00 USD,0.00339469 BTC 
342,Aug 05 2019,#16416,Drugs,Cannabis & Hashish,1x REAL Dank Vape 1gr Cart,Jul 24 2019,valleyheat,2,100.0%,0,0,0,1,1,241, 0 ,100,no,36.00 USD,0.00305522 BTC 
343,Aug 05 2019,#18147,Drugs,Benzodiazepines,100G Alprazolam Powder,Aug 04 2019,RCboss,2,100.0%,0,0,0,1,1,56, 0 ,Unlimited,no,3300.00 USD,0.28006189 BTC 
344,Aug 05 2019,#15479,Drugs,Stimulants,[FE] 10 Grams [SAMPLE] of Pure and Original Colombia Cocaine [FE],Jul 19 2019,colombiaconnection,2,100.0%,0,0,3,1,1,469, 0 ,Unlimited,no,350.00 USD,0.02970353 BTC 
345,Aug 05 2019,#10741,Drugs,Cannabis & Hashish,1gr Special Queen,May 27 2019,Germanapotheke,2,100.0%,0,1,26,1,1,1352, 1 ,100,no,11.21 USD,0.00095112 BTC 
346,Aug 05 2019,#17826,Drugs,Stimulants,0.5g COCAINE HQ,Jul 31 2019,Copek,2,100.0%,0,0,0,1,2,148, 0 ,Unlimited,no,44.83 USD,0.00380446 BTC 
347,Aug 05 2019,#17437,Drugs,Cannabis & Hashish,Alien Dawg. AMAZING HIGH!!!! SUPER OFFER. A++++. 0.5 Free Sample,Jul 29 2019,HuslerAmbition,2,100.0%,0,0,3,1,1,170, 3 ,Unlimited,no,2.00 USD,0.00016973 BTC 
348,Aug 05 2019,#5130,Drugs,Psychedelic,1 gram DMT Pure White Crystal(99.9% purity),Aug 18 2018,BlueFairy,2,100.0%,0,2,21,1,1,2102, 1 ,Unlimited,no,196.62 USD,0.01668635 BTC 
349,Aug 05 2019,#13664,Drugs,Cannabis & Hashish,** CHANNEL + ** - AAA+++ HYDRO,Jun 22 2019,GreenConnection,2,100.0%,0,1,8,1,1,808, 0 ,Unlimited,no,5.59 USD,0.00047461 BTC 
350,Aug 05 2019,#17941,Drugs,Stimulants,10g Speed Paste Pure 85%+ PEP,Aug 02 2019,joker666,2,100.0%,0,0,0,2,2,106, 0 ,100,no,95.26 USD,0.00808448 BTC 
351,Aug 05 2019,#14847,Drugs,Psychedelic,250mg NN DMT,Jul 04 2019,Apidae,2,100.0%,0,0,1,1,1,695, 0 ,Unlimited,no,35.77 USD,0.00303608 BTC 
352,Aug 05 2019,#15152,Drugs,Opiates,3 tabs Opana 40 MG ( CRUSHABLES) Oxymorphone G74-3 tabs,Jul 11 2019,safeandfast,2,100.0%,0,1,2,1,1,512, 0 ,20,no,225.00 USD,0.01909513 BTC 
353,Aug 05 2019,#16653,Drugs,Benzodiazepines,***OPENING SALE PRICING*** Genuine Kalma 2mg Xanax Bricks x 50 Aus Pharma Sealed Bottle,Jul 26 2019,pharmasea,2,100.0%,0,0,1,1,1,236, 0 ,Unlimited,no,155.54 USD,0.01320033 BTC 
354,Aug 05 2019,#7163,Drugs,Ecstasy,MDMA 100 mg caps ( ONE CAP ),Apr 22 2019,VanVogt,2,100.0%,0,2,14,1,1,1725, 6 ,100,no,6.00 USD,0.00050920 BTC 
355,Aug 05 2019,#15529,Drugs,Opiates,1gr. Afghan Heroin NR 3. High Purity and Quality!,Jul 20 2019,HeroMeister,2,100.0%,0,0,4,1,1,425, 0 ,Unlimited,no,38.10 USD,0.00323379 BTC 
356,Aug 05 2019,#11794,Drugs,Cannabis & Hashish,sublingual THC oil 1000mg infused into 30 ml coconut oil,Jun 04 2019,portroyal,2,100.0%,0,0,0,1,2,837, 0 ,Unlimited,no,40.00 USD,0.00339469 BTC 
357,Aug 05 2019,#16416,Drugs,Cannabis & Hashish,1x REAL Dank Vape 1gr Cart,Jul 24 2019,valleyheat,2,100.0%,0,0,0,1,1,241, 0 ,100,no,36.00 USD,0.00305522 BTC 
358,Aug 05 2019,#18147,Drugs,Benzodiazepines,100G Alprazolam Powder,Aug 04 2019,RCboss,2,100.0%,0,0,0,1,1,56, 0 ,Unlimited,no,3300.00 USD,0.28006189 BTC 
359,Aug 05 2019,#15479,Drugs,Stimulants,[FE] 10 Grams [SAMPLE] of Pure and Original Colombia Cocaine [FE],Jul 19 2019,colombiaconnection,2,100.0%,0,0,3,1,1,469, 0 ,Unlimited,no,350.00 USD,0.02970353 BTC 
360,Aug 05 2019,#10741,Drugs,Cannabis & Hashish,1gr Special Queen,May 27 2019,Germanapotheke,2,100.0%,0,1,26,1,1,1352, 1 ,100,no,11.21 USD,0.00095112 BTC 
361,Aug 05 2019,#17826,Drugs,Stimulants,0.5g COCAINE HQ,Jul 31 2019,Copek,2,100.0%,0,0,0,1,2,148, 0 ,Unlimited,no,44.83 USD,0.00380446 BTC 
362,Aug 05 2019,#17437,Drugs,Cannabis & Hashish,Alien Dawg. AMAZING HIGH!!!! SUPER OFFER. A++++. 0.5 Free Sample,Jul 29 2019,HuslerAmbition,2,100.0%,0,0,3,1,1,170, 3 ,Unlimited,no,2.00 USD,0.00016973 BTC 
363,Aug 05 2019,#5130,Drugs,Psychedelic,1 gram DMT Pure White Crystal(99.9% purity),Aug 18 2018,BlueFairy,2,100.0%,0,2,21,1,1,2102, 1 ,Unlimited,no,196.62 USD,0.01668635 BTC 
364,Aug 05 2019,#13664,Drugs,Cannabis & Hashish,** CHANNEL + ** - AAA+++ HYDRO,Jun 22 2019,GreenConnection,2,100.0%,0,1,8,1,1,808, 0 ,Unlimited,no,5.59 USD,0.00047461 BTC 
365,Aug 05 2019,#17941,Drugs,Stimulants,10g Speed Paste Pure 85%+ PEP,Aug 02 2019,joker666,2,100.0%,0,0,0,2,2,106, 0 ,100,no,95.26 USD,0.00808448 BTC 
366,Aug 05 2019,#14847,Drugs,Psychedelic,250mg NN DMT,Jul 04 2019,Apidae,2,100.0%,0,0,1,1,1,695, 0 ,Unlimited,no,35.77 USD,0.00303608 BTC 
367,Aug 05 2019,#15152,Drugs,Opiates,3 tabs Opana 40 MG ( CRUSHABLES) Oxymorphone G74-3 tabs,Jul 11 2019,safeandfast,2,100.0%,0,1,2,1,1,512, 0 ,20,no,225.00 USD,0.01909513 BTC 
368,Aug 05 2019,#16653,Drugs,Benzodiazepines,***OPENING SALE PRICING*** Genuine Kalma 2mg Xanax Bricks x 50 Aus Pharma Sealed Bottle,Jul 26 2019,pharmasea,2,100.0%,0,0,1,1,1,236, 0 ,Unlimited,no,155.54 USD,0.01320033 BTC 
369,Aug 05 2019,#7163,Drugs,Ecstasy,MDMA 100 mg caps ( ONE CAP ),Apr 22 2019,VanVogt,2,100.0%,0,2,14,1,1,1725, 6 ,100,no,6.00 USD,0.00050920 BTC 
370,Aug 05 2019,#15529,Drugs,Opiates,1gr. Afghan Heroin NR 3. High Purity and Quality!,Jul 20 2019,HeroMeister,2,100.0%,0,0,4,1,1,425, 0 ,Unlimited,no,38.10 USD,0.00323379 BTC 
371,Aug 05 2019,#6841,Drugs,Cannabis & Hashish,5 gr OG Kush Cream Hash from Amsterdam AAA++ Free Shipping suivi offert pour la France,Mar 28 2019,TrusteeLucky,2,100.0%,0,2,28,1,1,1780, 4 ,Unlimited,no,39.00 USD,0.00330982 BTC 
372,Aug 05 2019,#15070,Drugs,Cannabis & Hashish,100g WEED outdoor organic,Jul 09 2019,RedEagleTeam,2,100.0%,0,0,0,1,1,476, 0 ,Unlimited,no,392.25 USD,0.03328904 BTC 
373,Aug 05 2019,#16512,Drugs,Other,[US to US] 50 tabs x Viagra 100mg Sildenafil - $59.99,Jul 25 2019,canadianpharmacy,2,100.0%,0,0,0,1,2,214, 0 ,Unlimited,no,59.99 USD,0.00509119 BTC 
374,Aug 05 2019,#7517,Drugs,Opiates,2GR PURE HEROIN ROCKS! 1ST HAND HQ,May 10 2019,TheWizzardNL,2,100.0%,0,1,5,1,2,1607, 4 ,Unlimited,no,72.85 USD,0.00618225 BTC 
375,Aug 05 2019,#7611,Drugs,Stimulants,1g Cocain Premium !,May 13 2019,MrBlow,2,100.0%,2,5,193,1,1,2011, 36 ,Unlimited,no,72.85 USD,0.00618225 BTC 
376,Aug 05 2019,#17320,Drugs,Steroids,Lilly - Humatrope - 72iu.,Jul 28 2019,European,2,100.0%,0,0,0,1,1,187, 0 ,Unlimited,no,168.11 USD,0.01426673 BTC 
377,Aug 05 2019,#18113,Drugs,Cannabis & Hashish,WELCOME NMM REFUGEES SPECIAL 1g Bubble Hash + 3.5g Og Kush,Aug 04 2019,budreaper,2,100.0%,0,0,0,1,1,79, 0 ,Unlimited,no,100.00 USD,0.00848672 BTC 
378,Aug 05 2019,#14916,Drugs,Ecstasy,5 GRAMS UNCUT CHAMPAGNE MDMA 84% PURE,Jul 06 2019,forkjustisystem,2,100.0%,0,0,0,2,2,269, 0 ,Unlimited,no,150.00 USD,0.01273009 BTC 
379,Aug 05 2019,#17184,Drugs,Prescriptions,Viagra 100mg (Cenforce) - x10,Jul 27 2019,StrangeLife,2,100.0%,0,0,0,1,1,179, 0 ,Unlimited,no,25.00 USD,0.00212168 BTC 
380,Aug 05 2019,#6148,Drugs,Ecstasy,MDMA 1g,Aug 31 2018,projeccao,2,100.0%,0,1,7,1,1,2004, 0 ,99,no,23.53 USD,0.00199734 BTC 
381,Aug 05 2019,#7526,Drugs,Cannabis & Hashish,10g Critical: The Dutch classic!,May 11 2019,royalqueenweed,2,100.0%,0,0,2,1,1,331, 0 ,Unlimited,no,84.05 USD,0.00713337 BTC 
382,Aug 05 2019,#12213,Drugs,Cannabis & Hashish,AK-47 | 1 lb | Free Shipping,Jun 08 2019,arctic,2,100.0%,0,0,4,1,2,1231, 0 ,4,no,999.00 USD,0.08478237 BTC 
383,Aug 05 2019,#16759,Drugs,Cannabis & Hashish,&#x1F1FA&#x1F1F8The Brass Knuckles `VAPES NDD&#x1F1EC&#x1F1E7,Jul 26 2019,daone,2,100.0%,0,0,5,2,2,284, 1 ,47,no,48.64 USD,0.00412833 BTC 
384,Aug 05 2019,#18290,Drugs,Stimulants,20GRAM-- COLOMBIAN COCAINE + TRACK&ampTRACE,Aug 05 2019,billy,1,100.0%,0,0,0,2,2,5, 0 ,Unlimited,no,400.00 USD,0.03394690 BTC 
385,Aug 05 2019,#17387,Drugs,Cannabis & Hashish,3gr - Mango Sapphire 23% THC - INTRO DEAL,Jul 29 2019,weedcity,2,100.0%,0,0,0,2,2,179, 0 ,Unlimited,no,31.38 USD,0.00266312 BTC 
386,Aug 05 2019,#9065,Drugs,Stimulants,0.5grams Premium Quality COCAINE - Uncut (89% purity),May 19 2019,danhash,2,100.0%,0,0,2,1,2,1448, 0 ,Unlimited,no,40.00 USD,0.00339469 BTC 
387,Aug 05 2019,#9540,Drugs,Stimulants,7g Colombian NIKE Lab tested 89%,May 22 2019,drugSEC,2,100.0%,0,1,1,1,2,1481, 0 ,Unlimited,no,470.70 USD,0.03994685 BTC 
388,Aug 05 2019,#13521,Drugs,Cannabis & Hashish,1g AMNESIA KUSH Promo Free Shipping!!,Jun 17 2019,JustRelax,2,100.0%,0,1,12,1,1,894, 0 ,Unlimited,no,14.57 USD,0.00123645 BTC 
389,Aug 05 2019,#12634,Drugs,Benzodiazepines,50x Xanax 2mg,Jun 14 2019,gblSupply,2,100.0%,0,1,7,1,1,1090, 0 ,Unlimited,no,130.00 USD,0.01103274 BTC 
390,Aug 05 2019,#10704,Drugs,Cannabis & Hashish,25g Skunk XL *Angebot/Offer*,May 27 2019,MadeInGermany,2,100.0%,0,1,4,1,2,1570, 3 ,Unlimited,no,133.36 USD,0.01131827 BTC 
391,Aug 05 2019,#14650,Drugs,Steroids,Boldenone Undec/Equipoise 250mg/ml 10ml. Hilma Biocare,Jul 01 2019,PremiumSteroids,2,100.0%,0,1,7,1,1,772, 0 ,Unlimited,no,39.22 USD,0.00332890 BTC 
392,Aug 05 2019,#10201,Drugs,Cannabis & Hashish,Cannabis Sativa 100 GRAMS,May 25 2019,kallashnikov,2,100.0%,0,1,2,1,2,1359, 0 ,Unlimited,no,350.00 USD,0.02970353 BTC 
393,Aug 05 2019,#10549,Drugs,Cannabis & Hashish,1 g Northern Lights A+ quality,May 27 2019,greenunited,2,100.0%,0,1,11,1,1,1309, 0 ,Unlimited,no,12.16 USD,0.00103208 BTC 
394,Aug 05 2019,#14198,Drugs,Stimulants,Amfetamina racemat ~70%. 1 gram,Jun 27 2019,CNSHarmony,2,100.0%,0,0,7,1,2,812, 0 ,Unlimited,no,7.50 USD,0.00063650 BTC 
395,Aug 05 2019,#17438,Drugs,Benzodiazepines,100x Xanax Bars {2mg} [DE-&gtEU] EC TESTED,Jul 29 2019,Qapo,2,100.0%,0,0,0,1,1,170, 0 ,Unlimited,no,39.22 USD,0.00332890 BTC 
396,Aug 05 2019,#17813,Drugs,Stimulants,0.2G SAMPLE UNCUT BOLIVIAN COCAINE **FREE SHIPPING UK ONLY**,Jul 31 2019,pleasurebox,2,100.0%,0,0,0,1,2,116, 0 ,Unlimited,no,21.89 USD,0.00185775 BTC 
397,Aug 05 2019,#7290,Drugs,Cannabis & Hashish,2g - Critical Lemon,May 02 2019,DoctorCannabis,2,100.0%,0,2,29,1,1,1962, 8 ,Unlimited,no,15.69 USD,0.00133156 BTC 
398,Aug 05 2019,#18320,Drugs,Opiates,Tilidin 100mg (10x) German Pharmacy Brand saled in Blister,Aug 05 2019,Liberia,1,100.0%,0,0,0,2,2,2, 0 ,10,no,21.29 USD,0.00180712 BTC 
399,Aug 05 2019,#17008,Drugs,Stimulants,1 Gram of the PM&aposs Finest Cocaine - A Grade,Jul 27 2019,PrimeMinister,2,100.0%,0,0,0,1,1,210, 0 ,Unlimited,no,223.17 USD,0.01893960 BTC 
400,Aug 05 2019,#12448,Drugs,Stimulants,10ct 30mg Teva/adderall/Real pharmacy sourced !!!,Jun 11 2019,allgirlcrew,2,100.0%,0,0,0,1,2,402, 0 ,3,no,220.00 USD,0.01867079 BTC 
401,Aug 05 2019,#6841,Drugs,Cannabis & Hashish,5 gr OG Kush Cream Hash from Amsterdam AAA++ Free Shipping suivi offert pour la France,Mar 28 2019,TrusteeLucky,2,100.0%,0,2,28,1,1,1780, 4 ,Unlimited,no,39.00 USD,0.00330982 BTC 
402,Aug 05 2019,#15070,Drugs,Cannabis & Hashish,100g WEED outdoor organic,Jul 09 2019,RedEagleTeam,2,100.0%,0,0,0,1,1,476, 0 ,Unlimited,no,392.25 USD,0.03328904 BTC 
403,Aug 05 2019,#16512,Drugs,Other,[US to US] 50 tabs x Viagra 100mg Sildenafil - $59.99,Jul 25 2019,canadianpharmacy,2,100.0%,0,0,0,1,2,214, 0 ,Unlimited,no,59.99 USD,0.00509119 BTC 
404,Aug 05 2019,#7517,Drugs,Opiates,2GR PURE HEROIN ROCKS! 1ST HAND HQ,May 10 2019,TheWizzardNL,2,100.0%,0,1,5,1,2,1607, 4 ,Unlimited,no,72.85 USD,0.00618225 BTC 
405,Aug 05 2019,#7611,Drugs,Stimulants,1g Cocain Premium !,May 13 2019,MrBlow,2,100.0%,2,5,193,1,1,2011, 36 ,Unlimited,no,72.85 USD,0.00618225 BTC 
406,Aug 05 2019,#17320,Drugs,Steroids,Lilly - Humatrope - 72iu.,Jul 28 2019,European,2,100.0%,0,0,0,1,1,187, 0 ,Unlimited,no,168.11 USD,0.01426673 BTC 
407,Aug 05 2019,#18113,Drugs,Cannabis & Hashish,WELCOME NMM REFUGEES SPECIAL 1g Bubble Hash + 3.5g Og Kush,Aug 04 2019,budreaper,2,100.0%,0,0,0,1,1,79, 0 ,Unlimited,no,100.00 USD,0.00848672 BTC 
408,Aug 05 2019,#14916,Drugs,Ecstasy,5 GRAMS UNCUT CHAMPAGNE MDMA 84% PURE,Jul 06 2019,forkjustisystem,2,100.0%,0,0,0,2,2,269, 0 ,Unlimited,no,150.00 USD,0.01273009 BTC 
409,Aug 05 2019,#17184,Drugs,Prescriptions,Viagra 100mg (Cenforce) - x10,Jul 27 2019,StrangeLife,2,100.0%,0,0,0,1,1,179, 0 ,Unlimited,no,25.00 USD,0.00212168 BTC 
410,Aug 05 2019,#6148,Drugs,Ecstasy,MDMA 1g,Aug 31 2018,projeccao,2,100.0%,0,1,7,1,1,2004, 0 ,99,no,23.53 USD,0.00199734 BTC 
411,Aug 05 2019,#7526,Drugs,Cannabis & Hashish,10g Critical: The Dutch classic!,May 11 2019,royalqueenweed,2,100.0%,0,0,2,1,1,331, 0 ,Unlimited,no,84.05 USD,0.00713337 BTC 
412,Aug 05 2019,#12213,Drugs,Cannabis & Hashish,AK-47 | 1 lb | Free Shipping,Jun 08 2019,arctic,2,100.0%,0,0,4,1,2,1231, 0 ,4,no,999.00 USD,0.08478237 BTC 
413,Aug 05 2019,#16759,Drugs,Cannabis & Hashish,&#x1F1FA&#x1F1F8The Brass Knuckles `VAPES NDD&#x1F1EC&#x1F1E7,Jul 26 2019,daone,2,100.0%,0,0,5,2,2,284, 1 ,47,no,48.64 USD,0.00412833 BTC 
414,Aug 05 2019,#18290,Drugs,Stimulants,20GRAM-- COLOMBIAN COCAINE + TRACK&ampTRACE,Aug 05 2019,billy,1,100.0%,0,0,0,2,2,5, 0 ,Unlimited,no,400.00 USD,0.03394690 BTC 
415,Aug 05 2019,#17387,Drugs,Cannabis & Hashish,3gr - Mango Sapphire 23% THC - INTRO DEAL,Jul 29 2019,weedcity,2,100.0%,0,0,0,2,2,179, 0 ,Unlimited,no,31.38 USD,0.00266312 BTC 
416,Aug 05 2019,#9065,Drugs,Stimulants,0.5grams Premium Quality COCAINE - Uncut (89% purity),May 19 2019,danhash,2,100.0%,0,0,2,1,2,1448, 0 ,Unlimited,no,40.00 USD,0.00339469 BTC 
417,Aug 05 2019,#9540,Drugs,Stimulants,7g Colombian NIKE Lab tested 89%,May 22 2019,drugSEC,2,100.0%,0,1,1,1,2,1481, 0 ,Unlimited,no,470.70 USD,0.03994685 BTC 
418,Aug 05 2019,#13521,Drugs,Cannabis & Hashish,1g AMNESIA KUSH Promo Free Shipping!!,Jun 17 2019,JustRelax,2,100.0%,0,1,12,1,1,894, 0 ,Unlimited,no,14.57 USD,0.00123645 BTC 
419,Aug 05 2019,#12634,Drugs,Benzodiazepines,50x Xanax 2mg,Jun 14 2019,gblSupply,2,100.0%,0,1,7,1,1,1090, 0 ,Unlimited,no,130.00 USD,0.01103274 BTC 
420,Aug 05 2019,#10704,Drugs,Cannabis & Hashish,25g Skunk XL *Angebot/Offer*,May 27 2019,MadeInGermany,2,100.0%,0,1,4,1,2,1570, 3 ,Unlimited,no,133.36 USD,0.01131827 BTC 
421,Aug 05 2019,#14650,Drugs,Steroids,Boldenone Undec/Equipoise 250mg/ml 10ml. Hilma Biocare,Jul 01 2019,PremiumSteroids,2,100.0%,0,1,7,1,1,772, 0 ,Unlimited,no,39.22 USD,0.00332890 BTC 
422,Aug 05 2019,#10201,Drugs,Cannabis & Hashish,Cannabis Sativa 100 GRAMS,May 25 2019,kallashnikov,2,100.0%,0,1,2,1,2,1359, 0 ,Unlimited,no,350.00 USD,0.02970353 BTC 
423,Aug 05 2019,#10549,Drugs,Cannabis & Hashish,1 g Northern Lights A+ quality,May 27 2019,greenunited,2,100.0%,0,1,11,1,1,1309, 0 ,Unlimited,no,12.16 USD,0.00103208 BTC 
424,Aug 05 2019,#14198,Drugs,Stimulants,Amfetamina racemat ~70%. 1 gram,Jun 27 2019,CNSHarmony,2,100.0%,0,0,7,1,2,812, 0 ,Unlimited,no,7.50 USD,0.00063650 BTC 
425,Aug 05 2019,#17438,Drugs,Benzodiazepines,100x Xanax Bars {2mg} [DE-&gtEU] EC TESTED,Jul 29 2019,Qapo,2,100.0%,0,0,0,1,1,170, 0 ,Unlimited,no,39.22 USD,0.00332890 BTC 
426,Aug 05 2019,#17813,Drugs,Stimulants,0.2G SAMPLE UNCUT BOLIVIAN COCAINE **FREE SHIPPING UK ONLY**,Jul 31 2019,pleasurebox,2,100.0%,0,0,0,1,2,116, 0 ,Unlimited,no,21.89 USD,0.00185775 BTC 
427,Aug 05 2019,#7290,Drugs,Cannabis & Hashish,2g - Critical Lemon,May 02 2019,DoctorCannabis,2,100.0%,0,2,29,1,1,1962, 8 ,Unlimited,no,15.69 USD,0.00133156 BTC 
428,Aug 05 2019,#18320,Drugs,Opiates,Tilidin 100mg (10x) German Pharmacy Brand saled in Blister,Aug 05 2019,Liberia,1,100.0%,0,0,0,2,2,2, 0 ,10,no,21.29 USD,0.00180712 BTC 
429,Aug 05 2019,#17008,Drugs,Stimulants,1 Gram of the PM&aposs Finest Cocaine - A Grade,Jul 27 2019,PrimeMinister,2,100.0%,0,0,0,1,1,210, 0 ,Unlimited,no,223.17 USD,0.01893960 BTC 
430,Aug 05 2019,#12448,Drugs,Stimulants,10ct 30mg Teva/adderall/Real pharmacy sourced !!!,Jun 11 2019,allgirlcrew,2,100.0%,0,0,0,1,2,402, 0 ,3,no,220.00 USD,0.01867079 BTC 
431,Aug 05 2019,#12628,Drugs,Stimulants,&#x2605&#x2605 1 G CRYSTAL COCAINE 86% PURE STRAIGHT FROM THE BRICK FR Shipping &#x2605&#x2605 (Washable),Jun 14 2019,LaBelleDeMai,2,100.0%,0,0,0,1,1,844, 0 ,Unlimited,no,95.26 USD,0.00808448 BTC 
432,Aug 05 2019,#6382,Drugs,Cannabis & Hashish,(10 pc) 90mg &aposlemon haze&apos Sugar cube potent hash edibles,Oct 14 2018,brightstar,2,100.0%,0,1,3,1,2,856, 0 ,100,no,40.00 USD,0.00339469 BTC 
433,Aug 05 2019,#15580,Drugs,Stimulants,BACK SOON!,Jul 20 2019,Staxx,2,100.0%,0,1,5,2,2,412, 2 ,Unlimited,no,6.08 USD,0.00051604 BTC 
434,Aug 05 2019,#13675,Drugs,Psychedelic,LSD - 2 TRIPS - 200 MCG - 99.8% PURITY,Jun 23 2019,Zentricity,2,100.0%,1,2,56,1,1,1004, 4 ,Unlimited,no,15.13 USD,0.00128401 BTC 
435,Aug 05 2019,#17665,Drugs,Opiates,*PURE UNCUT* 0.5 gram White Heroin AUSTRALIA,Jul 30 2019,ozconnection,2,100.0%,0,0,0,1,1,151, 0 ,Unlimited,no,185.00 USD,0.01570044 BTC 
436,Aug 05 2019,#15197,Drugs,Opiates,2x Skenan L.P. (Morphine sulfate) 100mg capsule,Jul 13 2019,MethadMan,2,100.0%,0,0,0,1,1,376, 0 ,Unlimited,no,39.22 USD,0.00332890 BTC 
437,Aug 05 2019,#10581,Drugs,Prescriptions,5 RARE BRITISH PHARMACY MODAFINIL.,May 27 2019,lilylotusuk,2,100.0%,0,0,1,1,2,416, 0 ,2,no,6.08 USD,0.00051604 BTC 
438,Aug 05 2019,#17883,Drugs,Cannabis & Hashish,[SP&#xC9CIAL] 10G LEMON KUSH [SP&#xC9CIAL],Aug 01 2019,RizLaCroix,2,100.0%,0,0,0,1,2,152, 0 ,35,no,67.24 USD,0.00570669 BTC 
439,Aug 05 2019,#17669,Drugs,Stimulants,0.1G COLUMBIAN COCAINE HIGH GRADE FLAKE COKE [FREE NDD DELIVERY],Jul 30 2019,DHLExpress,2,100.0%,0,0,0,1,2,149, 0 ,Unlimited,no,10.34 USD,0.00087727 BTC 
440,Aug 05 2019,#16473,Drugs,Opiates,M30 Pills ,Jul 25 2019,Raux18faux,2,100.0%,0,1,6,1,1,349, 3 ,Unlimited,no,12.00 USD,0.00101841 BTC 
441,Aug 05 2019,#15212,Drugs,Cannabis & Hashish,7g HASH Moroccan,Jul 14 2019,bloomer,2,100.0%,0,1,4,1,2,556, 0 ,Unlimited,no,35.00 USD,0.00297035 BTC 
442,Aug 05 2019,#15168,Drugs,Cannabis & Hashish,Amnesia Haze 5g,Jul 12 2019,Monday8Am,2,100.0%,0,0,1,2,2,466, 0 ,Unlimited,no,61.64 USD,0.00523114 BTC 
443,Aug 05 2019,#16820,Drugs,Cannabis & Hashish,1mL 97% High-Grade THC Distillate - 20% Off Now! - EU and UK Shipping Only,Jul 26 2019,thedonald,2,100.0%,0,0,0,2,2,251, 0 ,Unlimited,no,70.00 USD,0.00594071 BTC 
444,Aug 05 2019,#13023,Drugs,Stimulants,10 GRAMS SPEED AMPHETAMIN 75% PURE!,Jun 15 2019,Ghostbusterz,2,100.0%,1,3,75,1,1,1343, 12 ,Unlimited,no,12.33 USD,0.00104623 BTC 
445,Aug 05 2019,#14846,Drugs,Ecstasy,2x Grey Domino 100MG MDMA XTC Pill (Intro Offer/Sample),Jul 04 2019,Kruidvat,2,100.0%,0,0,7,1,2,766, 0 ,10,no,0.00 USD,0.00000000 BTC 
446,Aug 05 2019,#12628,Drugs,Stimulants,&#x2605&#x2605 1 G CRYSTAL COCAINE 86% PURE STRAIGHT FROM THE BRICK FR Shipping &#x2605&#x2605 (Washable),Jun 14 2019,LaBelleDeMai,2,100.0%,0,0,0,1,1,844, 0 ,Unlimited,no,95.26 USD,0.00808448 BTC 
447,Aug 05 2019,#6382,Drugs,Cannabis & Hashish,(10 pc) 90mg &aposlemon haze&apos Sugar cube potent hash edibles,Oct 14 2018,brightstar,2,100.0%,0,1,3,1,2,856, 0 ,100,no,40.00 USD,0.00339469 BTC 
448,Aug 05 2019,#15580,Drugs,Stimulants,BACK SOON!,Jul 20 2019,Staxx,2,100.0%,0,1,5,2,2,412, 2 ,Unlimited,no,6.08 USD,0.00051604 BTC 
449,Aug 05 2019,#13675,Drugs,Psychedelic,LSD - 2 TRIPS - 200 MCG - 99.8% PURITY,Jun 23 2019,Zentricity,2,100.0%,1,2,56,1,1,1004, 4 ,Unlimited,no,15.13 USD,0.00128401 BTC 
450,Aug 05 2019,#17665,Drugs,Opiates,*PURE UNCUT* 0.5 gram White Heroin AUSTRALIA,Jul 30 2019,ozconnection,2,100.0%,0,0,0,1,1,151, 0 ,Unlimited,no,185.00 USD,0.01570044 BTC 
451,Aug 05 2019,#15197,Drugs,Opiates,2x Skenan L.P. (Morphine sulfate) 100mg capsule,Jul 13 2019,MethadMan,2,100.0%,0,0,0,1,1,376, 0 ,Unlimited,no,39.22 USD,0.00332890 BTC 
452,Aug 05 2019,#10581,Drugs,Prescriptions,5 RARE BRITISH PHARMACY MODAFINIL.,May 27 2019,lilylotusuk,2,100.0%,0,0,1,1,2,416, 0 ,2,no,6.08 USD,0.00051604 BTC 
453,Aug 05 2019,#17883,Drugs,Cannabis & Hashish,[SP&#xC9CIAL] 10G LEMON KUSH [SP&#xC9CIAL],Aug 01 2019,RizLaCroix,2,100.0%,0,0,0,1,2,152, 0 ,35,no,67.24 USD,0.00570669 BTC 
454,Aug 05 2019,#17669,Drugs,Stimulants,0.1G COLUMBIAN COCAINE HIGH GRADE FLAKE COKE [FREE NDD DELIVERY],Jul 30 2019,DHLExpress,2,100.0%,0,0,0,1,2,149, 0 ,Unlimited,no,10.34 USD,0.00087727 BTC 
455,Aug 05 2019,#16473,Drugs,Opiates,M30 Pills ,Jul 25 2019,Raux18faux,2,100.0%,0,1,6,1,1,349, 3 ,Unlimited,no,12.00 USD,0.00101841 BTC 
456,Aug 05 2019,#15212,Drugs,Cannabis & Hashish,7g HASH Moroccan,Jul 14 2019,bloomer,2,100.0%,0,1,4,1,2,556, 0 ,Unlimited,no,35.00 USD,0.00297035 BTC 
457,Aug 05 2019,#15168,Drugs,Cannabis & Hashish,Amnesia Haze 5g,Jul 12 2019,Monday8Am,2,100.0%,0,0,1,2,2,466, 0 ,Unlimited,no,61.64 USD,0.00523114 BTC 
458,Aug 05 2019,#16820,Drugs,Cannabis & Hashish,1mL 97% High-Grade THC Distillate - 20% Off Now! - EU and UK Shipping Only,Jul 26 2019,thedonald,2,100.0%,0,0,0,2,2,251, 0 ,Unlimited,no,70.00 USD,0.00594071 BTC 
459,Aug 05 2019,#13023,Drugs,Stimulants,10 GRAMS SPEED AMPHETAMIN 75% PURE!,Jun 15 2019,Ghostbusterz,2,100.0%,1,3,75,1,1,1343, 12 ,Unlimited,no,12.33 USD,0.00104623 BTC 
460,Aug 05 2019,#14846,Drugs,Ecstasy,2x Grey Domino 100MG MDMA XTC Pill (Intro Offer/Sample),Jul 04 2019,Kruidvat,2,100.0%,0,0,7,1,2,766, 0 ,10,no,0.00 USD,0.00000000 BTC 
461,Aug 05 2019,#15263,Guides & Tutorials,Other,ANONYMOUS TEXT MOBILE COMMUNICATION,Jul 15 2019,colombiaconnection,2,100.0%,0,0,3,1,1,518, 0 ,Unlimited,yes,5.63 USD,0.00047780 BTC 
462,Aug 05 2019,#15269,Guides & Tutorials,Fraud,Sock5 Proxy Setup Guide,Jul 15 2019,polarea,2,100.0%,0,0,1,1,2,502, 0 ,Unlimited,no,1.00 USD,0.00008487 BTC 
463,Aug 05 2019,#11960,Guides & Tutorials,Other,Get you approved for a $5000 line of credit guaran,Jun 05 2019,etimbuk,2,100.0%,0,0,0,1,2,723, 0 ,Unlimited,no,30.00 USD,0.00254602 BTC 
464,Aug 05 2019,#7634,Guides & Tutorials,Other,Social Engineering Guide Pack (133 Guides),May 13 2019,DrunkDragon,2,100.0%,2,1,203,1,1,1541, 0 ,Unlimited,yes,79.99 USD,0.00678853 BTC 
465,Aug 05 2019,#10465,Guides & Tutorials,Drugs,*** GROWING ELITE MARIJUANA *** instant delivery,May 26 2019,Howtod3,2,100.0%,1,1,120,1,2,1305, 1 ,Unlimited,no,0.89 USD,0.00007553 BTC 
466,Aug 05 2019,#17313,Guides & Tutorials,Fraud,ExpectUs Cashout 3000 Dollars a day using fullz/smartphone ONLY  in/(USA Working 100% + International with mule),Jul 28 2019,expectus,2,100.0%,0,1,4,1,2,189, 0 ,Unlimited,no,300.00 USD,0.02546017 BTC 
467,Aug 05 2019,#10300,Guides & Tutorials,Hacking,How To Make Your Own Mining Botnet,May 25 2019,GoldApple,2,100.0%,0,0,7,1,1,1353, 0 ,Unlimited,yes,1.99 USD,0.00016889 BTC 
468,Aug 05 2019,#13590,Guides & Tutorials,Hacking,&#x201CAccessibility Malware&#x201D puts 65% percent of old version Android devices at risk,Jun 21 2019,HeartKidnapper,2,100.0%,0,0,2,1,1,571, 0 ,Unlimited,no,1.00 USD,0.00008487 BTC 
469,Aug 05 2019,#16455,Guides & Tutorials,Fraud,Fresh Netflix Carding Method,Jul 25 2019,careersclap,2,100.0%,0,0,7,1,1,268, 0 ,Unlimited,yes,5.60 USD,0.00047556 BTC 
470,Aug 05 2019,#7461,Guides & Tutorials,Drugs,Rx Bottle Safety Foil Reseal Instructions eBook,May 10 2019,namedeclined,2,100.0%,0,0,0,2,2,732, 0 ,Unlimited,no,3.36 USD,0.00028533 BTC 
471,Aug 05 2019,#14080,Guides & Tutorials,Hacking,How To Remotely Hack A Smartphone To Get It&aposs TextCalls And More,Jun 26 2019,Pegasus,2,100.0%,0,0,10,2,2,868, 1 ,Unlimited,no,5.00 USD,0.00042434 BTC 
472,Aug 05 2019,#11890,Guides & Tutorials,Other,Straight From The Underground(Urban Steroid Manual),Jun 04 2019,arleurope,2,100.0%,0,0,2,2,2,1277, 0 ,Unlimited,yes,3.00 USD,0.00025460 BTC 
473,Aug 05 2019,#12523,Guides & Tutorials,Other,-::ULTIMATE GUIDE TO DARK NET MARKETS::-,Jun 12 2019,wfowfo,2,100.0%,0,0,1,1,2,1187, 0 ,Unlimited,yes,10.00 USD,0.00084867 BTC 
474,Aug 05 2019,#6883,Guides & Tutorials,Drugs,+ 50 Ebooks To grow Cannabis ! + 5000 pages,Apr 09 2019,jimmy2018,2,100.0%,1,1,60,1,2,1624, 3 ,Unlimited,no,2.23 USD,0.00018927 BTC 
475,Aug 05 2019,#9430,Guides & Tutorials,Fraud,How To Get Email Leads By Your Own,May 21 2019,trackers,2,100.0%,0,0,11,1,1,1440, 0 ,Unlimited,no,51.50 USD,0.00437066 BTC 
476,Aug 05 2019,#7345,Guides & Tutorials,Fraud,BITCOINS EARNING METHOD - 100% WORKING,May 09 2019,Hackyboy,2,100.0%,0,0,26,1,1,832, 1 ,Unlimited,no,12.00 USD,0.00101841 BTC 
477,Aug 05 2019,#14260,Guides & Tutorials,Fraud,TURTORIAL HOW TO HOST YOUR SCAM PAGE ON THE SERVER (NOT CPANEL),Jun 29 2019,makekota,2,100.0%,0,0,0,1,2,669, 0 ,Unlimited,no,250.00 USD,0.02121681 BTC 
478,Aug 05 2019,#10547,Guides & Tutorials,Fraud,2019 SQUARE CASH CARDING GUIDE,May 26 2019,bitbuster,2,100.0%,0,1,33,1,2,1261, 2 ,Unlimited,no,8.00 USD,0.00067894 BTC 
479,Aug 05 2019,#15000,Guides & Tutorials,Fraud,BIG CARDING / HACKING / MONEY MAKING PACK,Jul 08 2019,egoods,2,100.0%,2,2,218,1,2,640, 0 ,Unlimited,no,19.90 USD,0.00168886 BTC 
480,Aug 05 2019,#6910,Guides & Tutorials,Fraud,Strategy to Kill Binary Trading Options,Apr 12 2019,g3cko,2,100.0%,2,1,236,2,2,1599, 0 ,Unlimited,no,102.96 USD,0.00873793 BTC 
481,Aug 05 2019,#17313,Guides & Tutorials,Fraud,ExpectUs Cashout 3000 Dollars a day using fullz/smartphone ONLY  in/(USA Working 100% + International with mule),Jul 28 2019,expectus,2,100.0%,0,1,4,1,2,189, 0 ,Unlimited,no,300.00 USD,0.02546017 BTC 
482,Aug 05 2019,#10300,Guides & Tutorials,Hacking,How To Make Your Own Mining Botnet,May 25 2019,GoldApple,2,100.0%,0,0,7,1,1,1353, 0 ,Unlimited,yes,1.99 USD,0.00016889 BTC 
483,Aug 05 2019,#13590,Guides & Tutorials,Hacking,&#x201CAccessibility Malware&#x201D puts 65% percent of old version Android devices at risk,Jun 21 2019,HeartKidnapper,2,100.0%,0,0,2,1,1,571, 0 ,Unlimited,no,1.00 USD,0.00008487 BTC 
484,Aug 05 2019,#16455,Guides & Tutorials,Fraud,Fresh Netflix Carding Method,Jul 25 2019,careersclap,2,100.0%,0,0,7,1,1,268, 0 ,Unlimited,yes,5.60 USD,0.00047556 BTC 
485,Aug 05 2019,#7461,Guides & Tutorials,Drugs,Rx Bottle Safety Foil Reseal Instructions eBook,May 10 2019,namedeclined,2,100.0%,0,0,0,2,2,732, 0 ,Unlimited,no,3.36 USD,0.00028533 BTC 
486,Aug 05 2019,#14080,Guides & Tutorials,Hacking,How To Remotely Hack A Smartphone To Get It&aposs TextCalls And More,Jun 26 2019,Pegasus,2,100.0%,0,0,10,2,2,868, 1 ,Unlimited,no,5.00 USD,0.00042434 BTC 
487,Aug 05 2019,#11890,Guides & Tutorials,Other,Straight From The Underground(Urban Steroid Manual),Jun 04 2019,arleurope,2,100.0%,0,0,2,2,2,1277, 0 ,Unlimited,yes,3.00 USD,0.00025460 BTC 
488,Aug 05 2019,#12523,Guides & Tutorials,Other,-::ULTIMATE GUIDE TO DARK NET MARKETS::-,Jun 12 2019,wfowfo,2,100.0%,0,0,1,1,2,1187, 0 ,Unlimited,yes,10.00 USD,0.00084867 BTC 
489,Aug 05 2019,#6883,Guides & Tutorials,Drugs,+ 50 Ebooks To grow Cannabis ! + 5000 pages,Apr 09 2019,jimmy2018,2,100.0%,1,1,60,1,2,1624, 3 ,Unlimited,no,2.23 USD,0.00018927 BTC 
490,Aug 05 2019,#9430,Guides & Tutorials,Fraud,How To Get Email Leads By Your Own,May 21 2019,trackers,2,100.0%,0,0,11,1,1,1440, 0 ,Unlimited,no,51.50 USD,0.00437066 BTC 
491,Aug 05 2019,#7345,Guides & Tutorials,Fraud,BITCOINS EARNING METHOD - 100% WORKING,May 09 2019,Hackyboy,2,100.0%,0,0,26,1,1,832, 1 ,Unlimited,no,12.00 USD,0.00101841 BTC 
492,Aug 05 2019,#14260,Guides & Tutorials,Fraud,TURTORIAL HOW TO HOST YOUR SCAM PAGE ON THE SERVER (NOT CPANEL),Jun 29 2019,makekota,2,100.0%,0,0,0,1,2,669, 0 ,Unlimited,no,250.00 USD,0.02121681 BTC 
493,Aug 05 2019,#10547,Guides & Tutorials,Fraud,2019 SQUARE CASH CARDING GUIDE,May 26 2019,bitbuster,2,100.0%,0,1,33,1,2,1261, 2 ,Unlimited,no,8.00 USD,0.00067894 BTC 
494,Aug 05 2019,#15000,Guides & Tutorials,Fraud,BIG CARDING / HACKING / MONEY MAKING PACK,Jul 08 2019,egoods,2,100.0%,2,2,218,1,2,640, 0 ,Unlimited,no,19.90 USD,0.00168886 BTC 
495,Aug 05 2019,#6910,Guides & Tutorials,Fraud,Strategy to Kill Binary Trading Options,Apr 12 2019,g3cko,2,100.0%,2,1,236,2,2,1599, 0 ,Unlimited,no,102.96 USD,0.00873793 BTC 
496,Aug 05 2019,#15263,Guides & Tutorials,Other,ANONYMOUS TEXT MOBILE COMMUNICATION,Jul 15 2019,colombiaconnection,2,100.0%,0,0,3,1,1,518, 0 ,Unlimited,yes,5.63 USD,0.00047780 BTC 
497,Aug 05 2019,#15269,Guides & Tutorials,Fraud,Sock5 Proxy Setup Guide,Jul 15 2019,polarea,2,100.0%,0,0,1,1,2,502, 0 ,Unlimited,no,1.00 USD,0.00008487 BTC 
498,Aug 05 2019,#11960,Guides & Tutorials,Other,Get you approved for a $5000 line of credit guaran,Jun 05 2019,etimbuk,2,100.0%,0,0,0,1,2,723, 0 ,Unlimited,no,30.00 USD,0.00254602 BTC 
499,Aug 05 2019,#7634,Guides & Tutorials,Other,Social Engineering Guide Pack (133 Guides),May 13 2019,DrunkDragon,2,100.0%,2,1,203,1,1,1541, 0 ,Unlimited,yes,79.99 USD,0.00678853 BTC 
500,Aug 05 2019,#10465,Guides & Tutorials,Drugs,*** GROWING ELITE MARIJUANA *** instant delivery,May 26 2019,Howtod3,2,100.0%,1,1,120,1,2,1305, 1 ,Unlimited,no,0.89 USD,0.00007553 BTC 
501,Aug 05 2019,#17313,Guides & Tutorials,Fraud,ExpectUs Cashout 3000 Dollars a day using fullz/smartphone ONLY  in/(USA Working 100% + International with mule),Jul 28 2019,expectus,2,100.0%,0,1,4,1,2,189, 0 ,Unlimited,no,300.00 USD,0.02546017 BTC 
502,Aug 05 2019,#10300,Guides & Tutorials,Hacking,How To Make Your Own Mining Botnet,May 25 2019,GoldApple,2,100.0%,0,0,7,1,1,1353, 0 ,Unlimited,yes,1.99 USD,0.00016889 BTC 
503,Aug 05 2019,#13590,Guides & Tutorials,Hacking,&#x201CAccessibility Malware&#x201D puts 65% percent of old version Android devices at risk,Jun 21 2019,HeartKidnapper,2,100.0%,0,0,2,1,1,571, 0 ,Unlimited,no,1.00 USD,0.00008487 BTC 
504,Aug 05 2019,#16455,Guides & Tutorials,Fraud,Fresh Netflix Carding Method,Jul 25 2019,careersclap,2,100.0%,0,0,7,1,1,268, 0 ,Unlimited,yes,5.60 USD,0.00047556 BTC 
505,Aug 05 2019,#7461,Guides & Tutorials,Drugs,Rx Bottle Safety Foil Reseal Instructions eBook,May 10 2019,namedeclined,2,100.0%,0,0,0,2,2,732, 0 ,Unlimited,no,3.36 USD,0.00028533 BTC 
506,Aug 05 2019,#14080,Guides & Tutorials,Hacking,How To Remotely Hack A Smartphone To Get It&aposs TextCalls And More,Jun 26 2019,Pegasus,2,100.0%,0,0,10,2,2,868, 1 ,Unlimited,no,5.00 USD,0.00042434 BTC 
507,Aug 05 2019,#11890,Guides & Tutorials,Other,Straight From The Underground(Urban Steroid Manual),Jun 04 2019,arleurope,2,100.0%,0,0,2,2,2,1277, 0 ,Unlimited,yes,3.00 USD,0.00025460 BTC 
508,Aug 05 2019,#12523,Guides & Tutorials,Other,-::ULTIMATE GUIDE TO DARK NET MARKETS::-,Jun 12 2019,wfowfo,2,100.0%,0,0,1,1,2,1187, 0 ,Unlimited,yes,10.00 USD,0.00084867 BTC 
509,Aug 05 2019,#6883,Guides & Tutorials,Drugs,+ 50 Ebooks To grow Cannabis ! + 5000 pages,Apr 09 2019,jimmy2018,2,100.0%,1,1,60,1,2,1624, 3 ,Unlimited,no,2.23 USD,0.00018927 BTC 
510,Aug 05 2019,#9430,Guides & Tutorials,Fraud,How To Get Email Leads By Your Own,May 21 2019,trackers,2,100.0%,0,0,11,1,1,1440, 0 ,Unlimited,no,51.50 USD,0.00437066 BTC 
511,Aug 05 2019,#7345,Guides & Tutorials,Fraud,BITCOINS EARNING METHOD - 100% WORKING,May 09 2019,Hackyboy,2,100.0%,0,0,26,1,1,832, 1 ,Unlimited,no,12.00 USD,0.00101841 BTC 
512,Aug 05 2019,#14260,Guides & Tutorials,Fraud,TURTORIAL HOW TO HOST YOUR SCAM PAGE ON THE SERVER (NOT CPANEL),Jun 29 2019,makekota,2,100.0%,0,0,0,1,2,669, 0 ,Unlimited,no,250.00 USD,0.02121681 BTC 
513,Aug 05 2019,#10547,Guides & Tutorials,Fraud,2019 SQUARE CASH CARDING GUIDE,May 26 2019,bitbuster,2,100.0%,0,1,33,1,2,1261, 2 ,Unlimited,no,8.00 USD,0.00067894 BTC 
514,Aug 05 2019,#15000,Guides & Tutorials,Fraud,BIG CARDING / HACKING / MONEY MAKING PACK,Jul 08 2019,egoods,2,100.0%,2,2,218,1,2,640, 0 ,Unlimited,no,19.90 USD,0.00168886 BTC 
515,Aug 05 2019,#6910,Guides & Tutorials,Fraud,Strategy to Kill Binary Trading Options,Apr 12 2019,g3cko,2,100.0%,2,1,236,2,2,1599, 0 ,Unlimited,no,102.96 USD,0.00873793 BTC 
516,Aug 05 2019,#17991,Fakes,Other,Counterfeit Euros 1 x 50 Euro Pass Pen Test,Aug 02 2019,XXXXTentacion,2,100.0%,0,0,0,1,2,117, 0 ,Unlimited,no,12.89 USD,0.00109378 BTC 
517,Aug 05 2019,#17210,Fakes,Bills,10 X 20 USD Undetectable Counterfeit Bank Notes,Jul 28 2019,jimmyserani,2,100.0%,0,0,1,2,2,147, 0 ,17,no,50.00 USD,0.00424336 BTC 
518,Aug 05 2019,#16495,Fakes,Other,5 X 1OZ 24k Perth Mint Gold Bullion Replica,Jul 25 2019,careersclap,2,100.0%,0,0,7,1,1,251, 0 ,Unlimited,no,140.09 USD,0.01188894 BTC 
519,Aug 05 2019,#14239,Fakes,IDs,ONTARIO DL TEMPLATE PSD FILES,Jun 29 2019,makekota,2,100.0%,0,0,0,1,2,741, 0 ,Unlimited,no,200.00 USD,0.01697345 BTC 
520,Aug 05 2019,#7361,Fakes,Bills,COMPLETE &#x20AC10 &#x20AC20 &#x20AC50 &#x20AC100 &#x20AC200 &#x20AC500 TEMPLATES,May 09 2019,Hackyboy,2,100.0%,0,0,26,1,1,903, 0 ,Unlimited,no,59.00 USD,0.00500717 BTC 
521,Aug 05 2019,#14699,Fakes,Bills,Counterfeit Bills,Jul 01 2019,thopher,2,100.0%,0,1,4,2,2,831, 0 ,Unlimited,no,1500.00 USD,0.12730086 BTC 
522,Aug 05 2019,#17960,Fakes,Bills,5x 50&#x20AC fake notes - Minimum 5 notes!(small post-treatment needed!!),Aug 02 2019,lego,2,100.0%,0,0,0,1,1,144, 0 ,100,no,78.45 USD,0.00665781 BTC 
523,Aug 05 2019,#17838,Fakes,IDs,ORDER DOCUMENTS PASSPORTDRIVERS LICENSE ID CARDS RESIDENT PERMITS,Aug 01 2019,alphamega,2,100.0%,0,0,0,2,2,149, 0 ,Unlimited,no,1000.00 USD,0.08486724 BTC 
524,Aug 05 2019,#17882,Fakes,Bills,Counterfeit Money 50 x 50 euros Fake money.,Aug 01 2019,papa,2,100.0%,0,1,6,2,2,124, 0 ,Unlimited,no,250.00 USD,0.02121681 BTC 
525,Aug 05 2019,#10462,Fakes,Bills,*** EUR Professional template 50 &#x20AC + making tuto*** PRINT YOUR OWN BILLS ***,May 26 2019,Howtod3,2,100.0%,1,1,120,1,2,1558, 3 ,Unlimited,no,2.12 USD,0.00017976 BTC 
526,Aug 05 2019,#16467,Fakes,Bills,10 euro counterfeits - 6 NOTES,Jul 25 2019,id00,2,100.0%,0,0,1,1,2,381, 1 ,Unlimited,no,16.81 USD,0.00142667 BTC 
527,Aug 05 2019,#17791,Fakes,Bills,6000 x UNDETECTABLE EUROS COUNTERFEIT NOTES,Jul 31 2019,medscentre919,2,100.0%,0,2,4,2,2,155, 0 ,Unlimited,no,500.00 USD,0.04243362 BTC 
528,Aug 05 2019,#18284,Fakes,Other,Promotion-Rayban Aviator Blue SupreA Grade-Free shipping,Aug 05 2019,RechardSport,1,100.0%,0,0,0,1,1,21, 0 ,50,no,5.00 USD,0.00042434 BTC 
529,Aug 05 2019,#18304,Fakes,Bills,Top Quality Undetectable Counterfeit bills,Aug 05 2019,billy,1,100.0%,0,0,0,2,2,4, 0 ,Unlimited,no,0.00 USD,0.00000000 BTC 
530,Aug 05 2019,#7411,Fakes,Other,AAA Emergency Road Service Membership Card,May 10 2019,namedeclined,2,100.0%,0,0,0,2,2,771, 0 ,Unlimited,no,67.24 USD,0.00570669 BTC 
531,Aug 05 2019,#17991,Fakes,Other,Counterfeit Euros 1 x 50 Euro Pass Pen Test,Aug 02 2019,XXXXTentacion,2,100.0%,0,0,0,1,2,117, 0 ,Unlimited,no,12.88 USD,0.00109542 BTC 
532,Aug 05 2019,#17210,Fakes,Bills,10 X 20 USD Undetectable Counterfeit Bank Notes,Jul 28 2019,jimmyserani,2,100.0%,0,0,1,2,2,147, 0 ,17,no,50.00 USD,0.00425383 BTC 
533,Aug 05 2019,#16495,Fakes,Other,5 X 1OZ 24k Perth Mint Gold Bullion Replica,Jul 25 2019,careersclap,2,100.0%,0,0,7,1,1,251, 0 ,Unlimited,no,139.95 USD,0.01190670 BTC 
534,Aug 05 2019,#14239,Fakes,IDs,ONTARIO DL TEMPLATE PSD FILES,Jun 29 2019,makekota,2,100.0%,0,0,0,1,2,741, 0 ,Unlimited,no,200.00 USD,0.01701531 BTC 
535,Aug 05 2019,#7361,Fakes,Bills,COMPLETE &#x20AC10 &#x20AC20 &#x20AC50 &#x20AC100 &#x20AC200 &#x20AC500 TEMPLATES,May 09 2019,Hackyboy,2,100.0%,0,0,26,1,1,903, 0 ,Unlimited,no,59.00 USD,0.00501952 BTC 
536,Aug 05 2019,#14699,Fakes,Bills,Counterfeit Bills,Jul 01 2019,thopher,2,100.0%,0,1,4,2,2,831, 0 ,Unlimited,no,1500.00 USD,0.12761483 BTC 
537,Aug 05 2019,#17960,Fakes,Bills,5x 50&#x20AC fake notes - Minimum 5 notes!(small post-treatment needed!!),Aug 02 2019,lego,2,100.0%,0,0,0,1,1,144, 0 ,100,no,78.37 USD,0.00666775 BTC 
538,Aug 05 2019,#17838,Fakes,IDs,ORDER DOCUMENTS PASSPORTDRIVERS LICENSE ID CARDS RESIDENT PERMITS,Aug 01 2019,alphamega,2,100.0%,0,0,0,2,2,149, 0 ,Unlimited,no,1000.00 USD,0.08507655 BTC 
539,Aug 05 2019,#17882,Fakes,Bills,Counterfeit Money 50 x 50 euros Fake money.,Aug 01 2019,papa,2,100.0%,0,1,6,2,2,124, 0 ,Unlimited,no,250.00 USD,0.02126914 BTC 
540,Aug 05 2019,#10462,Fakes,Bills,*** EUR Professional template 50 &#x20AC + making tuto*** PRINT YOUR OWN BILLS ***,May 26 2019,Howtod3,2,100.0%,1,1,120,1,2,1558, 3 ,Unlimited,no,2.12 USD,0.00018003 BTC 
541,Aug 05 2019,#16467,Fakes,Bills,10 euro counterfeits - 6 NOTES,Jul 25 2019,id00,2,100.0%,0,0,1,1,2,381, 1 ,Unlimited,no,16.79 USD,0.00142880 BTC 
542,Aug 05 2019,#17791,Fakes,Bills,6000 x UNDETECTABLE EUROS COUNTERFEIT NOTES,Jul 31 2019,medscentre919,2,100.0%,0,2,4,2,2,155, 0 ,Unlimited,no,500.00 USD,0.04253828 BTC 
543,Aug 05 2019,#18284,Fakes,Other,Promotion-Rayban Aviator Blue SupreA Grade-Free shipping,Aug 05 2019,RechardSport,1,100.0%,0,0,0,1,1,21, 0 ,50,no,5.00 USD,0.00042538 BTC 
544,Aug 05 2019,#18304,Fakes,Bills,Top Quality Undetectable Counterfeit bills,Aug 05 2019,billy,1,100.0%,0,0,0,2,2,4, 0 ,Unlimited,no,0.00 USD,0.00000000 BTC 
545,Aug 05 2019,#7411,Fakes,Other,AAA Emergency Road Service Membership Card,May 10 2019,namedeclined,2,100.0%,0,0,0,2,2,771, 0 ,Unlimited,no,67.18 USD,0.00571522 BTC 
546,Aug 05 2019,#17991,Fakes,Other,Counterfeit Euros 1 x 50 Euro Pass Pen Test,Aug 02 2019,XXXXTentacion,2,100.0%,0,0,0,1,2,117, 0 ,Unlimited,no,12.89 USD,0.00109378 BTC 
547,Aug 05 2019,#17210,Fakes,Bills,10 X 20 USD Undetectable Counterfeit Bank Notes,Jul 28 2019,jimmyserani,2,100.0%,0,0,1,2,2,147, 0 ,17,no,50.00 USD,0.00424336 BTC 
548,Aug 05 2019,#16495,Fakes,Other,5 X 1OZ 24k Perth Mint Gold Bullion Replica,Jul 25 2019,careersclap,2,100.0%,0,0,7,1,1,251, 0 ,Unlimited,no,140.09 USD,0.01188894 BTC 
549,Aug 05 2019,#14239,Fakes,IDs,ONTARIO DL TEMPLATE PSD FILES,Jun 29 2019,makekota,2,100.0%,0,0,0,1,2,741, 0 ,Unlimited,no,200.00 USD,0.01697345 BTC 
550,Aug 05 2019,#7361,Fakes,Bills,COMPLETE &#x20AC10 &#x20AC20 &#x20AC50 &#x20AC100 &#x20AC200 &#x20AC500 TEMPLATES,May 09 2019,Hackyboy,2,100.0%,0,0,26,1,1,903, 0 ,Unlimited,no,59.00 USD,0.00500717 BTC 
551,Aug 05 2019,#14699,Fakes,Bills,Counterfeit Bills,Jul 01 2019,thopher,2,100.0%,0,1,4,2,2,831, 0 ,Unlimited,no,1500.00 USD,0.12730086 BTC 
552,Aug 05 2019,#17960,Fakes,Bills,5x 50&#x20AC fake notes - Minimum 5 notes!(small post-treatment needed!!),Aug 02 2019,lego,2,100.0%,0,0,0,1,1,144, 0 ,100,no,78.45 USD,0.00665781 BTC 
553,Aug 05 2019,#17838,Fakes,IDs,ORDER DOCUMENTS PASSPORTDRIVERS LICENSE ID CARDS RESIDENT PERMITS,Aug 01 2019,alphamega,2,100.0%,0,0,0,2,2,149, 0 ,Unlimited,no,1000.00 USD,0.08486724 BTC 
554,Aug 05 2019,#17882,Fakes,Bills,Counterfeit Money 50 x 50 euros Fake money.,Aug 01 2019,papa,2,100.0%,0,1,6,2,2,124, 0 ,Unlimited,no,250.00 USD,0.02121681 BTC 
555,Aug 05 2019,#10462,Fakes,Bills,*** EUR Professional template 50 &#x20AC + making tuto*** PRINT YOUR OWN BILLS ***,May 26 2019,Howtod3,2,100.0%,1,1,120,1,2,1558, 3 ,Unlimited,no,2.12 USD,0.00017976 BTC 
556,Aug 05 2019,#16467,Fakes,Bills,10 euro counterfeits - 6 NOTES,Jul 25 2019,id00,2,100.0%,0,0,1,1,2,381, 1 ,Unlimited,no,16.81 USD,0.00142667 BTC 
557,Aug 05 2019,#17791,Fakes,Bills,6000 x UNDETECTABLE EUROS COUNTERFEIT NOTES,Jul 31 2019,medscentre919,2,100.0%,0,2,4,2,2,155, 0 ,Unlimited,no,500.00 USD,0.04243362 BTC 
558,Aug 05 2019,#18284,Fakes,Other,Promotion-Rayban Aviator Blue SupreA Grade-Free shipping,Aug 05 2019,RechardSport,1,100.0%,0,0,0,1,1,21, 0 ,50,no,5.00 USD,0.00042434 BTC 
559,Aug 05 2019,#18304,Fakes,Bills,Top Quality Undetectable Counterfeit bills,Aug 05 2019,billy,1,100.0%,0,0,0,2,2,4, 0 ,Unlimited,no,0.00 USD,0.00000000 BTC 
560,Aug 05 2019,#7411,Fakes,Other,AAA Emergency Road Service Membership Card,May 10 2019,namedeclined,2,100.0%,0,0,0,2,2,771, 0 ,Unlimited,no,67.24 USD,0.00570669 BTC 
561,Aug 05 2019,#14970,Fakes,IDs,CUSTOMIZED [US] &amp [UK] PASSPORTS &amp DRIVERS LICENSE,Jul 07 2019,bitbuster,2,100.0%,0,1,33,1,2,767, 1 ,Unlimited,no,35.00 USD,0.00297035 BTC 
562,Aug 05 2019,#14970,Fakes,IDs,CUSTOMIZED [US] &amp [UK] PASSPORTS &amp DRIVERS LICENSE,Jul 07 2019,bitbuster,2,100.0%,0,1,33,1,2,767, 1 ,Unlimited,no,35.00 USD,0.00297768 BTC 
563,Aug 05 2019,#15262,Digital Goods,Other,ALLGRAVURE.COM &#x2013 &#x2605PREMIUM ACCOUNT&#x2605 [LIFETIME WARRANTY],Jul 15 2019,colombiaconnection,2,100.0%,0,0,3,1,1,506, 0 ,Unlimited,yes,7.82 USD,0.00066530 BTC 
564,Aug 05 2019,#6906,Digital Goods,Software,King Of PC UTILITIES 2019 - Ultimate collection !,Apr 11 2019,g3cko,2,100.0%,2,1,236,2,2,1590, 0 ,Unlimited,no,4.90 USD,0.00041688 BTC 
565,Aug 05 2019,#13567,Digital Goods,Other,Buy Valid Gift Cards,Jun 19 2019,HeartKidnapper,2,100.0%,0,0,2,1,1,650, 1 ,Unlimited,no,25.00 USD,0.00212691 BTC 
566,Aug 05 2019,#11143,Digital Goods,Legit Softwares,VCW - Virtual Cam Whore - 4 Packages in 1,May 31 2019,JustPorn,2,100.0%,0,0,0,1,2,1062, 0 ,Unlimited,yes,0.99 USD,0.00008423 BTC 
567,Aug 05 2019,#18279,Digital Goods,Other,Jung girls Porn Premium LINK fuck sex porn,Aug 05 2019,joker666,1,100.0%,0,0,0,2,2,20, 0 ,Unlimited,no,1.12 USD,0.00009525 BTC 
568,Aug 05 2019,#7637,Digital Goods,Other,Ultimate Porn Database Pack (5 Databases),May 13 2019,DrunkDragon,2,100.0%,2,1,203,1,1,1527, 0 ,Unlimited,yes,29.99 USD,0.00255145 BTC 
569,Aug 05 2019,#16155,Digital Goods,Other,Spotify Premium Account (+1 Bonus) Lifetime Warranty,Jul 23 2019,pornseller,2,100.0%,0,0,1,1,1,302, 0 ,Unlimited,no,1.30 USD,0.00011060 BTC 
570,Aug 05 2019,#14235,Digital Goods,Other,US FULLZ | CUSTOM STATE/ZIP/ETHNICITY/AGE,Jun 29 2019,egoods,2,100.0%,2,2,218,1,2,753, 0 ,Unlimited,no,1.00 USD,0.00008508 BTC 
571,Aug 05 2019,#14885,Digital Goods,Other,Brazzers Porn Account Lifetime Warranty,Jul 05 2019,enjoymyaccounts,2,100.0%,0,0,18,1,1,483, 0 ,Unlimited,no,5.00 USD,0.00042538 BTC 
572,Aug 05 2019,#13117,Digital Goods,Other,GENERATE UNLIMITED MOBILE NUMBERS OF ANY COUNTRY (100% WORKING),Jun 16 2019,wfowfo,2,100.0%,0,0,1,1,2,1099, 0 ,Unlimited,no,9.00 USD,0.00076569 BTC 
573,Aug 05 2019,#18039,Digital Goods,Other,JizzBomb.com - [LIFETIME PORN PREMIUM ACCOUNT],Aug 03 2019,MyChoice,2,100.0%,0,0,0,1,1,268, 0 ,Unlimited,no,9.99 USD,0.00084991 BTC 
574,Aug 05 2019,#6888,Digital Goods,Other,80000+ BOOKS INTERNATIONAL LIBRARY PACK,Apr 09 2019,jimmy2018,2,100.0%,1,1,60,1,2,1586, 0 ,Unlimited,no,0.55 USD,0.00004667 BTC 
575,Aug 05 2019,#7430,Digital Goods,Legit Softwares,Adobe Acrobat X Pro - Hacked / Portable Copy,May 10 2019,namedeclined,2,100.0%,0,0,0,2,2,742, 0 ,Unlimited,no,5.60 USD,0.00047627 BTC 
576,Aug 05 2019,#9820,Digital Goods,Other,India Passport PSD Template,May 23 2019,GoldApple,2,100.0%,0,0,7,1,1,1426, 0 ,Unlimited,yes,9.99 USD,0.00084991 BTC 
577,Aug 05 2019,#14087,Digital Goods,Legit Softwares,FOREX AND CRYPTO TRADING PROFESSIONNAL BOT,Jun 26 2019,Pegasus,2,100.0%,0,0,10,2,2,850, 0 ,Unlimited,no,100.00 USD,0.00850766 BTC 
578,Aug 05 2019,#15262,Digital Goods,Other,ALLGRAVURE.COM &#x2013 &#x2605PREMIUM ACCOUNT&#x2605 [LIFETIME WARRANTY],Jul 15 2019,colombiaconnection,2,100.0%,0,0,3,1,1,506, 0 ,Unlimited,yes,7.82 USD,0.00066530 BTC 
579,Aug 05 2019,#6906,Digital Goods,Software,King Of PC UTILITIES 2019 - Ultimate collection !,Apr 11 2019,g3cko,2,100.0%,2,1,236,2,2,1590, 0 ,Unlimited,no,4.90 USD,0.00041688 BTC 
580,Aug 05 2019,#13567,Digital Goods,Other,Buy Valid Gift Cards,Jun 19 2019,HeartKidnapper,2,100.0%,0,0,2,1,1,650, 1 ,Unlimited,no,25.00 USD,0.00212691 BTC 
581,Aug 05 2019,#11143,Digital Goods,Legit Softwares,VCW - Virtual Cam Whore - 4 Packages in 1,May 31 2019,JustPorn,2,100.0%,0,0,0,1,2,1062, 0 ,Unlimited,yes,0.99 USD,0.00008423 BTC 
582,Aug 05 2019,#18279,Digital Goods,Other,Jung girls Porn Premium LINK fuck sex porn,Aug 05 2019,joker666,1,100.0%,0,0,0,2,2,20, 0 ,Unlimited,no,1.12 USD,0.00009525 BTC 
583,Aug 05 2019,#7637,Digital Goods,Other,Ultimate Porn Database Pack (5 Databases),May 13 2019,DrunkDragon,2,100.0%,2,1,203,1,1,1527, 0 ,Unlimited,yes,29.99 USD,0.00255145 BTC 
584,Aug 05 2019,#16155,Digital Goods,Other,Spotify Premium Account (+1 Bonus) Lifetime Warranty,Jul 23 2019,pornseller,2,100.0%,0,0,1,1,1,302, 0 ,Unlimited,no,1.30 USD,0.00011060 BTC 
585,Aug 05 2019,#14235,Digital Goods,Other,US FULLZ | CUSTOM STATE/ZIP/ETHNICITY/AGE,Jun 29 2019,egoods,2,100.0%,2,2,218,1,2,753, 0 ,Unlimited,no,1.00 USD,0.00008508 BTC 
586,Aug 05 2019,#14885,Digital Goods,Other,Brazzers Porn Account Lifetime Warranty,Jul 05 2019,enjoymyaccounts,2,100.0%,0,0,18,1,1,483, 0 ,Unlimited,no,5.00 USD,0.00042538 BTC 
587,Aug 05 2019,#13117,Digital Goods,Other,GENERATE UNLIMITED MOBILE NUMBERS OF ANY COUNTRY (100% WORKING),Jun 16 2019,wfowfo,2,100.0%,0,0,1,1,2,1099, 0 ,Unlimited,no,9.00 USD,0.00076569 BTC 
588,Aug 05 2019,#18039,Digital Goods,Other,JizzBomb.com - [LIFETIME PORN PREMIUM ACCOUNT],Aug 03 2019,MyChoice,2,100.0%,0,0,0,1,1,268, 0 ,Unlimited,no,9.99 USD,0.00084991 BTC 
589,Aug 05 2019,#6888,Digital Goods,Other,80000+ BOOKS INTERNATIONAL LIBRARY PACK,Apr 09 2019,jimmy2018,2,100.0%,1,1,60,1,2,1586, 0 ,Unlimited,no,0.55 USD,0.00004667 BTC 
590,Aug 05 2019,#7430,Digital Goods,Legit Softwares,Adobe Acrobat X Pro - Hacked / Portable Copy,May 10 2019,namedeclined,2,100.0%,0,0,0,2,2,742, 0 ,Unlimited,no,5.60 USD,0.00047627 BTC 
591,Aug 05 2019,#9820,Digital Goods,Other,India Passport PSD Template,May 23 2019,GoldApple,2,100.0%,0,0,7,1,1,1426, 0 ,Unlimited,yes,9.99 USD,0.00084991 BTC 
592,Aug 05 2019,#14087,Digital Goods,Legit Softwares,FOREX AND CRYPTO TRADING PROFESSIONNAL BOT,Jun 26 2019,Pegasus,2,100.0%,0,0,10,2,2,850, 0 ,Unlimited,no,100.00 USD,0.00850766 BTC 
593,Aug 05 2019,#17029,Digital Goods,Software,Dice Smart Script with $500-$600 daily profit,Jul 27 2019,careersclap,2,100.0%,0,0,7,1,1,208, 0 ,Unlimited,yes,11.20 USD,0.00095254 BTC 
594,Aug 05 2019,#7365,Digital Goods,Software,Anti-Detect Browser for Carding Paypal....,May 09 2019,Hackyboy,2,100.0%,0,0,26,1,1,768, 0 ,Unlimited,no,5.00 USD,0.00042538 BTC 
595,Aug 05 2019,#11333,Digital Goods,Other,&#x2605&#x2605&#x2605&#x2605&#x2605  Naughty America Porn Account with Warranty &#x2605&#x2605&#x2605&#x2605&#x2605,Jun 01 2019,TheWizard,2,100.0%,0,0,5,1,2,1253, 0 ,Unlimited,no,9.99 USD,0.00084991 BTC 
596,Aug 05 2019,#15262,Digital Goods,Other,ALLGRAVURE.COM &#x2013 &#x2605PREMIUM ACCOUNT&#x2605 [LIFETIME WARRANTY],Jul 15 2019,colombiaconnection,2,100.0%,0,0,3,1,1,506, 0 ,Unlimited,yes,7.82 USD,0.00066530 BTC 
597,Aug 05 2019,#6906,Digital Goods,Software,King Of PC UTILITIES 2019 - Ultimate collection !,Apr 11 2019,g3cko,2,100.0%,2,1,236,2,2,1590, 0 ,Unlimited,no,4.90 USD,0.00041688 BTC 
598,Aug 05 2019,#13567,Digital Goods,Other,Buy Valid Gift Cards,Jun 19 2019,HeartKidnapper,2,100.0%,0,0,2,1,1,650, 1 ,Unlimited,no,25.00 USD,0.00212691 BTC 
599,Aug 05 2019,#11143,Digital Goods,Legit Softwares,VCW - Virtual Cam Whore - 4 Packages in 1,May 31 2019,JustPorn,2,100.0%,0,0,0,1,2,1062, 0 ,Unlimited,yes,0.99 USD,0.00008423 BTC 
600,Aug 05 2019,#18279,Digital Goods,Other,Jung girls Porn Premium LINK fuck sex porn,Aug 05 2019,joker666,1,100.0%,0,0,0,2,2,20, 0 ,Unlimited,no,1.12 USD,0.00009525 BTC 
601,Aug 05 2019,#7637,Digital Goods,Other,Ultimate Porn Database Pack (5 Databases),May 13 2019,DrunkDragon,2,100.0%,2,1,203,1,1,1527, 0 ,Unlimited,yes,29.99 USD,0.00255145 BTC 
602,Aug 05 2019,#16155,Digital Goods,Other,Spotify Premium Account (+1 Bonus) Lifetime Warranty,Jul 23 2019,pornseller,2,100.0%,0,0,1,1,1,302, 0 ,Unlimited,no,1.30 USD,0.00011060 BTC 
603,Aug 05 2019,#14235,Digital Goods,Other,US FULLZ | CUSTOM STATE/ZIP/ETHNICITY/AGE,Jun 29 2019,egoods,2,100.0%,2,2,218,1,2,753, 0 ,Unlimited,no,1.00 USD,0.00008508 BTC 
604,Aug 05 2019,#14885,Digital Goods,Other,Brazzers Porn Account Lifetime Warranty,Jul 05 2019,enjoymyaccounts,2,100.0%,0,0,18,1,1,483, 0 ,Unlimited,no,5.00 USD,0.00042538 BTC 
605,Aug 05 2019,#13117,Digital Goods,Other,GENERATE UNLIMITED MOBILE NUMBERS OF ANY COUNTRY (100% WORKING),Jun 16 2019,wfowfo,2,100.0%,0,0,1,1,2,1099, 0 ,Unlimited,no,9.00 USD,0.00076569 BTC 
606,Aug 05 2019,#18039,Digital Goods,Other,JizzBomb.com - [LIFETIME PORN PREMIUM ACCOUNT],Aug 03 2019,MyChoice,2,100.0%,0,0,0,1,1,268, 0 ,Unlimited,no,9.99 USD,0.00084991 BTC 
607,Aug 05 2019,#6888,Digital Goods,Other,80000+ BOOKS INTERNATIONAL LIBRARY PACK,Apr 09 2019,jimmy2018,2,100.0%,1,1,60,1,2,1586, 0 ,Unlimited,no,0.55 USD,0.00004667 BTC 
608,Aug 05 2019,#7430,Digital Goods,Legit Softwares,Adobe Acrobat X Pro - Hacked / Portable Copy,May 10 2019,namedeclined,2,100.0%,0,0,0,2,2,742, 0 ,Unlimited,no,5.60 USD,0.00047627 BTC 
609,Aug 05 2019,#9820,Digital Goods,Other,India Passport PSD Template,May 23 2019,GoldApple,2,100.0%,0,0,7,1,1,1426, 0 ,Unlimited,yes,9.99 USD,0.00084991 BTC 
610,Aug 05 2019,#14087,Digital Goods,Legit Softwares,FOREX AND CRYPTO TRADING PROFESSIONNAL BOT,Jun 26 2019,Pegasus,2,100.0%,0,0,10,2,2,850, 0 ,Unlimited,no,100.00 USD,0.00850766 BTC 
611,Aug 05 2019,#17029,Digital Goods,Software,Dice Smart Script with $500-$600 daily profit,Jul 27 2019,careersclap,2,100.0%,0,0,7,1,1,208, 0 ,Unlimited,yes,11.20 USD,0.00095254 BTC 
612,Aug 05 2019,#7365,Digital Goods,Software,Anti-Detect Browser for Carding Paypal....,May 09 2019,Hackyboy,2,100.0%,0,0,26,1,1,768, 0 ,Unlimited,no,5.00 USD,0.00042538 BTC 
613,Aug 05 2019,#11333,Digital Goods,Other,&#x2605&#x2605&#x2605&#x2605&#x2605  Naughty America Porn Account with Warranty &#x2605&#x2605&#x2605&#x2605&#x2605,Jun 01 2019,TheWizard,2,100.0%,0,0,5,1,2,1253, 0 ,Unlimited,no,9.99 USD,0.00084991 BTC 
614,Aug 05 2019,#18340,Armory,Pistols,Ed Brown Kobra Carry Lightweight (LW) .45 ACP,Aug 05 2019,billy,1,100.0%,0,0,0,2,2,1, 0 ,Unlimited,no,1700.00 USD,0.14463014 BTC 
615,Aug 05 2019,#17951,Armory,Pistols,WE HAVE A WIDE RANGE OF FIREARMS GLOCK 17,Aug 02 2019,alphamega,2,100.0%,0,0,0,2,2,100, 0 ,Unlimited,no,750.00 USD,0.06380741 BTC 
616,Aug 05 2019,#10477,Armory,Explosives,***HOW TO MAKE HOMEMADE GRENADE *** instant delivery,May 26 2019,Howtod3,2,100.0%,1,1,120,1,2,1591, 2 ,Unlimited,no,1.85 USD,0.00015739 BTC 
617,Aug 05 2019,#12443,Armory,Pistols,Glock 27,Jun 11 2019,iconicdrool,2,100.0%,0,2,2,2,2,1099, 0 ,Unlimited,no,1250.00 USD,0.10634569 BTC 
618,Aug 05 2019,#16858,Armory,Pistols,Glock 17 for sale,Jul 26 2019,medscentre919,2,100.0%,0,2,4,2,2,291, 0 ,50,no,650.00 USD,0.05529976 BTC 
619,Aug 05 2019,#16460,Carded Items,Electronic Stuff,MAKE $20k SELLING REPLICA PHONES LIKE ORIGINAL,Jul 25 2019,careersclap,2,100.0%,0,0,7,1,1,1030, 0 ,Unlimited,yes,11.20 USD,0.00095254 BTC 
620,Aug 05 2019,#15268,Carded Items,Digital,New Ultimate Carding Method 2019 + Complete Tools + Guides,Jul 15 2019,polarea,2,100.0%,0,0,1,1,2,3177, 1 ,Unlimited,no,4.27 USD,0.00036328 BTC 
621,Aug 05 2019,#16931,Carded Items,Other,ladyboygold.com Porn Account Warranty Included,Jul 27 2019,pornseller,2,100.0%,0,0,1,1,1,789, 0 ,Unlimited,no,6.00 USD,0.00051046 BTC 
622,Aug 05 2019,#15375,Carded Items,Other,NordVPN Premium Account 2 Years Subs Warranty,Jul 18 2019,enjoymyaccounts,2,100.0%,0,0,18,1,1,2672, 0 ,Unlimited,no,4.50 USD,0.00038284 BTC 
623,Aug 05 2019,#18340,Armory,Pistols,Ed Brown Kobra Carry Lightweight (LW) .45 ACP,Aug 05 2019,billy,1,100.0%,0,0,0,2,2,1, 0 ,Unlimited,no,1700.00 USD,0.14463014 BTC 
624,Aug 05 2019,#17951,Armory,Pistols,WE HAVE A WIDE RANGE OF FIREARMS GLOCK 17,Aug 02 2019,alphamega,2,100.0%,0,0,0,2,2,100, 0 ,Unlimited,no,750.00 USD,0.06380741 BTC 
625,Aug 05 2019,#10477,Armory,Explosives,***HOW TO MAKE HOMEMADE GRENADE *** instant delivery,May 26 2019,Howtod3,2,100.0%,1,1,120,1,2,1591, 2 ,Unlimited,no,1.85 USD,0.00015739 BTC 
626,Aug 05 2019,#12443,Armory,Pistols,Glock 27,Jun 11 2019,iconicdrool,2,100.0%,0,2,2,2,2,1099, 0 ,Unlimited,no,1250.00 USD,0.10634569 BTC 
627,Aug 05 2019,#16858,Armory,Pistols,Glock 17 for sale,Jul 26 2019,medscentre919,2,100.0%,0,2,4,2,2,291, 0 ,50,no,650.00 USD,0.05529976 BTC 
628,Aug 05 2019,#16460,Carded Items,Electronic Stuff,MAKE $20k SELLING REPLICA PHONES LIKE ORIGINAL,Jul 25 2019,careersclap,2,100.0%,0,0,7,1,1,1030, 0 ,Unlimited,yes,11.20 USD,0.00095254 BTC 
629,Aug 05 2019,#15268,Carded Items,Digital,New Ultimate Carding Method 2019 + Complete Tools + Guides,Jul 15 2019,polarea,2,100.0%,0,0,1,1,2,3177, 1 ,Unlimited,no,4.27 USD,0.00036328 BTC 
630,Aug 05 2019,#16931,Carded Items,Other,ladyboygold.com Porn Account Warranty Included,Jul 27 2019,pornseller,2,100.0%,0,0,1,1,1,789, 0 ,Unlimited,no,6.00 USD,0.00051046 BTC 
631,Aug 05 2019,#15375,Carded Items,Other,NordVPN Premium Account 2 Years Subs Warranty,Jul 18 2019,enjoymyaccounts,2,100.0%,0,0,18,1,1,2672, 0 ,Unlimited,no,4.50 USD,0.00038284 BTC 
632,Aug 05 2019,#17848,Services,Other,Shotathome.com - [LIFETIME PORN PREMIUM ACCOUNT],Aug 01 2019,MyChoice,2,100.0%,0,0,0,1,1,133, 0 ,Unlimited,no,9.99 USD,0.00084991 BTC 
633,Aug 05 2019,#14694,Services,Hacking,Hacker service,Jul 01 2019,thopher,2,100.0%,0,1,4,2,2,789, 0 ,Unlimited,no,700.00 USD,0.05955359 BTC 
634,Aug 05 2019,#18283,Services,Other,Darknet Site homepage link + server onion link Tor,Aug 05 2019,joker666,1,100.0%,0,0,0,2,2,20, 0 ,Unlimited,no,391.87 USD,0.03333876 BTC 
635,Aug 05 2019,#7156,Services,Cracking,&#x2605&#x2605&#x2605&#x2605&#x2605 Facebook &amp Instagram Hacker 2019 &#x2605&#x2605&#x2605&#x2605&#x2605,Apr 18 2019,TheWizard,2,100.0%,0,0,5,1,2,2363, 0 ,100,no,9.99 USD,0.00084991 BTC 
636,Aug 05 2019,#12543,Services,Carding,Bank account,Jun 13 2019,blackpeteracc,2,100.0%,0,0,0,2,2,1177, 0 ,100,no,895.70 USD,0.07620289 BTC 
637,Aug 05 2019,#10458,Services,Hacking,BRUTUS PASSWORD HACKER + TUTO VIDEO,May 26 2019,Howtod3,2,100.0%,1,1,120,1,2,1342, 0 ,Unlimited,no,1.78 USD,0.00015145 BTC 
638,Aug 05 2019,#6912,Services,Other,Alert Crypto Trading - guaranted profit 2019,Apr 12 2019,g3cko,2,100.0%,2,1,236,2,2,3136, 0 ,Unlimited,no,83.20 USD,0.00707837 BTC 
639,Aug 05 2019,#7304,Services,Other,&#x2605EXCHANGE&#x2605 Bitcoin to &#x20ACuro &#x2605 100&#x20AC,May 03 2019,NoLimits187,2,100.0%,0,2,48,1,1,1769, 0 ,Unlimited,no,134.35 USD,0.01143043 BTC 
640,Aug 05 2019,#6900,Services,Other,How Not To Get Caught or Arrested While Carding,Apr 09 2019,jimmy2018,2,100.0%,1,1,60,1,2,3325, 0 ,Unlimited,no,2.23 USD,0.00018955 BTC 
641,Aug 05 2019,#11746,Services,Other,I will create you an ultimate cpn,Jun 03 2019,etimbuk,2,100.0%,0,0,0,1,2,818, 0 ,Unlimited,no,1500.00 USD,0.12761483 BTC 
642,Aug 05 2019,#10838,Services,Other,Instagram Followers | MALE | 1000 For 6$,May 28 2019,SocialMediaExpert,2,100.0%,0,0,6,1,2,1285, 0 ,Unlimited,no,6.00 USD,0.00051046 BTC 
643,Aug 05 2019,#7399,Services,Other,Bitcoin Cashout Service - Cash by mail,May 09 2019,Hackyboy,2,100.0%,0,0,26,1,1,838, 0 ,Unlimited,no,1.00 USD,0.00008508 BTC 
644,Aug 05 2019,#17859,Services,Hacking,We are professional hackers,Aug 01 2019,alphamega,2,100.0%,0,0,0,2,2,171, 0 ,Unlimited,no,400.00 USD,0.03403062 BTC 
645,Aug 05 2019,#7891,Services,Carding,New York SSN and Driver&aposs License Records!,May 14 2019,expectus,2,100.0%,0,1,4,1,2,4841, 1 ,Unlimited,yes,1.50 USD,0.00012761 BTC 
646,Aug 05 2019,#14274,Services,Other,SERVICE CREDIT CARD RELOAD YOU GET 60% FOR YOU,Jun 29 2019,makekota,2,100.0%,0,0,0,1,2,689, 0 ,Unlimited,no,250.00 USD,0.02126914 BTC 
647,Aug 05 2019,#15396,Services,Other,Background Reports Services,Jul 18 2019,enjoymyaccounts,2,100.0%,0,0,18,1,1,450, 0 ,Unlimited,no,8.50 USD,0.00072315 BTC 
648,Aug 05 2019,#16471,Services,Carding,50% Travel Discount. Hotels &amp Flights International!,Jul 25 2019,polarea,2,100.0%,0,0,1,1,2,378, 0 ,Unlimited,no,10.00 USD,0.00085077 BTC 
649,Aug 05 2019,#16193,Services,Other,Background Reports Services,Jul 23 2019,pornseller,2,100.0%,0,0,1,1,1,331, 0 ,Unlimited,no,8.50 USD,0.00072315 BTC 
650,Aug 05 2019,#7156,Services,Cracking,&#x2605&#x2605&#x2605&#x2605&#x2605 Facebook &amp Instagram Hacker 2019 &#x2605&#x2605&#x2605&#x2605&#x2605,Apr 18 2019,TheWizard,2,100.0%,0,0,5,1,2,2363, 0 ,100,no,9.99 USD,0.00084991 BTC 
651,Aug 05 2019,#12543,Services,Carding,Bank account,Jun 13 2019,blackpeteracc,2,100.0%,0,0,0,2,2,1177, 0 ,100,no,895.70 USD,0.07620289 BTC 
652,Aug 05 2019,#10458,Services,Hacking,BRUTUS PASSWORD HACKER + TUTO VIDEO,May 26 2019,Howtod3,2,100.0%,1,1,120,1,2,1342, 0 ,Unlimited,no,1.78 USD,0.00015145 BTC 
653,Aug 05 2019,#6912,Services,Other,Alert Crypto Trading - guaranted profit 2019,Apr 12 2019,g3cko,2,100.0%,2,1,236,2,2,3136, 0 ,Unlimited,no,83.20 USD,0.00707837 BTC 
654,Aug 05 2019,#7304,Services,Other,&#x2605EXCHANGE&#x2605 Bitcoin to &#x20ACuro &#x2605 100&#x20AC,May 03 2019,NoLimits187,2,100.0%,0,2,48,1,1,1769, 0 ,Unlimited,no,134.35 USD,0.01143043 BTC 
655,Aug 05 2019,#6900,Services,Other,How Not To Get Caught or Arrested While Carding,Apr 09 2019,jimmy2018,2,100.0%,1,1,60,1,2,3325, 0 ,Unlimited,no,2.23 USD,0.00018955 BTC 
656,Aug 05 2019,#11746,Services,Other,I will create you an ultimate cpn,Jun 03 2019,etimbuk,2,100.0%,0,0,0,1,2,818, 0 ,Unlimited,no,1500.00 USD,0.12761483 BTC 
657,Aug 05 2019,#10838,Services,Other,Instagram Followers | MALE | 1000 For 6$,May 28 2019,SocialMediaExpert,2,100.0%,0,0,6,1,2,1285, 0 ,Unlimited,no,6.00 USD,0.00051046 BTC 
658,Aug 05 2019,#7399,Services,Other,Bitcoin Cashout Service - Cash by mail,May 09 2019,Hackyboy,2,100.0%,0,0,26,1,1,838, 0 ,Unlimited,no,1.00 USD,0.00008508 BTC 
659,Aug 05 2019,#17859,Services,Hacking,We are professional hackers,Aug 01 2019,alphamega,2,100.0%,0,0,0,2,2,171, 0 ,Unlimited,no,400.00 USD,0.03403062 BTC 
660,Aug 05 2019,#7891,Services,Carding,New York SSN and Driver&aposs License Records!,May 14 2019,expectus,2,100.0%,0,1,4,1,2,4841, 1 ,Unlimited,yes,1.50 USD,0.00012761 BTC 
661,Aug 05 2019,#14274,Services,Other,SERVICE CREDIT CARD RELOAD YOU GET 60% FOR YOU,Jun 29 2019,makekota,2,100.0%,0,0,0,1,2,689, 0 ,Unlimited,no,250.00 USD,0.02126914 BTC 
662,Aug 05 2019,#15396,Services,Other,Background Reports Services,Jul 18 2019,enjoymyaccounts,2,100.0%,0,0,18,1,1,450, 0 ,Unlimited,no,8.50 USD,0.00072315 BTC 
663,Aug 05 2019,#16471,Services,Carding,50% Travel Discount. Hotels &amp Flights International!,Jul 25 2019,polarea,2,100.0%,0,0,1,1,2,378, 0 ,Unlimited,no,10.00 USD,0.00085077 BTC 
664,Aug 05 2019,#16193,Services,Other,Background Reports Services,Jul 23 2019,pornseller,2,100.0%,0,0,1,1,1,331, 0 ,Unlimited,no,8.50 USD,0.00072315 BTC 
665,Aug 05 2019,#17848,Services,Other,Shotathome.com - [LIFETIME PORN PREMIUM ACCOUNT],Aug 01 2019,MyChoice,2,100.0%,0,0,0,1,1,133, 0 ,Unlimited,no,9.99 USD,0.00084991 BTC 
666,Aug 05 2019,#14694,Services,Hacking,Hacker service,Jul 01 2019,thopher,2,100.0%,0,1,4,2,2,789, 0 ,Unlimited,no,700.00 USD,0.05955359 BTC 
667,Aug 05 2019,#18283,Services,Other,Darknet Site homepage link + server onion link Tor,Aug 05 2019,joker666,1,100.0%,0,0,0,2,2,20, 0 ,Unlimited,no,391.87 USD,0.03333876 BTC 
668,Aug 05 2019,#7156,Services,Cracking,&#x2605&#x2605&#x2605&#x2605&#x2605 Facebook &amp Instagram Hacker 2019 &#x2605&#x2605&#x2605&#x2605&#x2605,Apr 18 2019,TheWizard,2,100.0%,0,0,5,1,2,2363, 0 ,100,no,9.99 USD,0.00084991 BTC 
669,Aug 05 2019,#12543,Services,Carding,Bank account,Jun 13 2019,blackpeteracc,2,100.0%,0,0,0,2,2,1177, 0 ,100,no,895.70 USD,0.07620289 BTC 
670,Aug 05 2019,#10458,Services,Hacking,BRUTUS PASSWORD HACKER + TUTO VIDEO,May 26 2019,Howtod3,2,100.0%,1,1,120,1,2,1342, 0 ,Unlimited,no,1.78 USD,0.00015145 BTC 
671,Aug 05 2019,#6912,Services,Other,Alert Crypto Trading - guaranted profit 2019,Apr 12 2019,g3cko,2,100.0%,2,1,236,2,2,3136, 0 ,Unlimited,no,83.20 USD,0.00707837 BTC 
672,Aug 05 2019,#7304,Services,Other,&#x2605EXCHANGE&#x2605 Bitcoin to &#x20ACuro &#x2605 100&#x20AC,May 03 2019,NoLimits187,2,100.0%,0,2,48,1,1,1769, 0 ,Unlimited,no,134.35 USD,0.01143043 BTC 
673,Aug 05 2019,#6900,Services,Other,How Not To Get Caught or Arrested While Carding,Apr 09 2019,jimmy2018,2,100.0%,1,1,60,1,2,3325, 0 ,Unlimited,no,2.23 USD,0.00018955 BTC 
674,Aug 05 2019,#11746,Services,Other,I will create you an ultimate cpn,Jun 03 2019,etimbuk,2,100.0%,0,0,0,1,2,818, 0 ,Unlimited,no,1500.00 USD,0.12761483 BTC 
675,Aug 05 2019,#10838,Services,Other,Instagram Followers | MALE | 1000 For 6$,May 28 2019,SocialMediaExpert,2,100.0%,0,0,6,1,2,1285, 0 ,Unlimited,no,6.00 USD,0.00051046 BTC 
676,Aug 05 2019,#7399,Services,Other,Bitcoin Cashout Service - Cash by mail,May 09 2019,Hackyboy,2,100.0%,0,0,26,1,1,838, 0 ,Unlimited,no,1.00 USD,0.00008508 BTC 
677,Aug 05 2019,#17859,Services,Hacking,We are professional hackers,Aug 01 2019,alphamega,2,100.0%,0,0,0,2,2,171, 0 ,Unlimited,no,400.00 USD,0.03403062 BTC 
678,Aug 05 2019,#7891,Services,Carding,New York SSN and Driver&aposs License Records!,May 14 2019,expectus,2,100.0%,0,1,4,1,2,4841, 1 ,Unlimited,yes,1.50 USD,0.00012761 BTC 
679,Aug 05 2019,#14274,Services,Other,SERVICE CREDIT CARD RELOAD YOU GET 60% FOR YOU,Jun 29 2019,makekota,2,100.0%,0,0,0,1,2,689, 0 ,Unlimited,no,250.00 USD,0.02126914 BTC 
680,Aug 05 2019,#15396,Services,Other,Background Reports Services,Jul 18 2019,enjoymyaccounts,2,100.0%,0,0,18,1,1,450, 0 ,Unlimited,no,8.50 USD,0.00072315 BTC 
681,Aug 05 2019,#16471,Services,Carding,50% Travel Discount. Hotels &amp Flights International!,Jul 25 2019,polarea,2,100.0%,0,0,1,1,2,378, 0 ,Unlimited,no,10.00 USD,0.00085077 BTC 
682,Aug 05 2019,#16193,Services,Other,Background Reports Services,Jul 23 2019,pornseller,2,100.0%,0,0,1,1,1,331, 0 ,Unlimited,no,8.50 USD,0.00072315 BTC 
